2918 4866
395 390 589 438 ruonnuru
618 388 899 438 wrcoaurrusrs.
1078 377 1123 441 25

166 545 282 610 omnia
296 545 420 624 fidelis,
433 553 534 631 pater
550 547 760 611 reverendus
770 547 968 625 Wlstanns‚
977 548 1119 631 Wigor·

165 647 281 710 nensis
307 648 503 730 episcopus,
531 667 658 728 magna
683 649 843 711 turbatur
863 648 1035 725 molestia,
1058 650 1119 713 sed

168 746 236 810 Dei
271 749 447 830 respirans
483 748 728 825 misericordia,
756 747 831 831 jam
864 748 1118 830 quodammodo

167 846 256 910 alter
278 847 422 931 Moyses
444 858 546 931 parat
565 867 605 912 se
630 847 776 912 viriliter
799 855 954 912 staturus
976 869 1041 930 pro
1056 869 1119 932 po·

166 947 249 1028 pulo
282 954 317 1011 et
352 948 493 1012 civitate
524 966 600 1012 sua.
653 947 786 1011 Hostes
811 948 854 1012 ad
877 947 1117 1013 debellandum

166 1055 292 1128 parant
306 1067 422 1128 arma;
445 1049 520 1130 ipse
542 1068 604 1131 pro
625 1048 817 1112 imminenti
832 1048 984 1130 periculo
1006 1049 1120 1116 fundit

166 1149 374 1228 precamina,
400 1148 590 1213 exhortans
615 1148 770 1213 subditos
795 1167 839 1212 ne
864 1147 1046 1232 desperent
1075 1150 1119 1215 de

167 1247 258 1325 Deo,
275 1249 335 1329 qui
356 1268 424 1313 nou
443 1255 577 1332 pugnat
597 1248 713 1330 gladio
736 1268 847 1331 neque
863 1248 973 1316 hasta.
1027 1250 1063 1315 N
1065 1271 1119 1315 or-

167 1349 283 1410 mauni
305 1349 442 1413 interim
467 1349 627 1413 ineuntes
647 1349 839 1426 consilium,
859 1357 986 1431 rogant
1004 1351 1118 1432 ipsum

167 1448 367 1530 episcopum
385 1458 424 1513 ut
447 1450 491 1513 ab
508 1449 656 1514 ecclesia
678 1449 841 1514 transiret
864 1450 902 1514 in
925 1450 1118 1530 castellnm,

79 1602 84 1609 .
167 1549 312 1612 tutiores
335 1568 372 1612 se
396 1547 604 1614 affirmantes
627 1548 669 1613 de
695 1549 770 1632 ejus
785 1551 981 1633 praesentia,
998 1551 1028 1614 si
1043 1571 1117 1615 ma·

163 1647 223 1730 jus
245 1650 458 1714 incumberet
477 1650 688 1733 periculum:
713 1650 902 1731 diligebant
923 1652 1012 1713 enim
1039 1671 1117 1715 eum
1205 1676 1206 1681 ¹

166 1748 280 1813 valde.
334 1749 416 1832 Ipse
433 1759 562 1826 autem,
578 1757 618 1813 nt
633 1758 707 1813 erat
722 1750 817 1814 mirae
833 1750 1115 1826 mansuetudinis

166 1855 202 1912 et
228 1869 290 1931 pro
312 1851 404 1931 regis
430 1850 609 1927 fidelitate,
638 1857 673 1913 et
695 1868 759 1932 pro
780 1869 900 1914 eorum
923 1849 1117 1927 dilectione,

166 1951 327 2030 petitioni
353 1970 472 2014 eorum
495 1949 680 2033 acquievit.
726 1948 865 2013 Interea
889 1949 1056 2014 audenter
1081 1951 1117 2013 in

166 2067 264 2113 arma
292 2069 330 2114 se
356 2061 458 2133 parat
484 2049 690 2133 episcopalis
716 2049 866 2114 familia:
905 2051 1118 2115 conveniunt

167 2149 348 2214 castellani
376 2157 411 2213 et
435 2150 546 2214 omnis
570 2150 697 2214 civium
723 2157 850 2226 turma,
874 2168 1054 2215 occurrere
1080 2170 1118 2214 se

166 2247 338 2314 affirmant
352 2250 510 2315 hostibus
525 2270 571 2314 ex
595 2250 706 2314 altera
720 2259 819 2332 parte
834 2249 988 2314 Sabriuae
1006 2250 1121 2316 flumi-

166 2350 232 2426 nis
254 2351 285 2413 si
303 2349 369 2414 hoc
392 2352 441 2414 eis
464 2350 637 2433 pontificis
661 2356 827 2414 annueret
843 2350 994 2416 licentia.
1047 2351 1117 2414 Pa-

167 2451 234 2513 rati
251 2450 359 2531 igitur
374 2458 409 2515 et
428 2451 533 2515 armis
549 2450 721 2526 instructi,
737 2449 850 2532 ipsum
866 2451 909 2514 ad
934 2450 1116 2515 castellum

165 2556 304 2613 euntem
320 2551 450 2615 habeut
468 2550 618 2627 obviam,
636 2569 740 2631 qnam
754 2551 922 2633 optabant
936 2551 1116 2632 requirunt

166 2649 363 2731 licentiam;
396 2651 521 2734 quibus
555 2651 701 2714 libenter
733 2669 900 2726 annuere,
927 2650 1032 2727 ‘Ite,'
1062 2652 1116 2714 iu·
1165 2645 1167 2649 ’

167 2751 254 2832 quit,
280 2751 374 2828 ‘filit
401 2752 449 2817 ite
470 2751 507 2813 in
533 2770 631 2833 pace,
654 2751 702 2814 ite
732 2750 856 2827 securi,
879 2769 957 2813 curu
992 2750 1054 2813 Dei
1081 2758 1116 2815 et

165 2857 285 2914 nostra
301 2852 550 2916 benedictione.
604 2848 791 2915 Coufidens
809 2869 874 2931 ego
895 2849 931 2912 in
953 2849 1115 2925 Domino,

165 2951 319 3033 spondeo
345 2951 455 3028 vobis,
472 2971 541 3014 non
564 2951 665 3015 hodie
689 2949 827 3014 nocebit
843 2949 942 3013 vobis
966 2948 1115 3030 gladius,

166 3069 235 3114 non
253 3051 437 3135 quicquam
459 3050 649 3127 infortunii,
671 3069 740 3115 non
756 3050 939 3133 qnisquam
954 3048 1116 3113 adversa-

166 3151 248 3216 rius.
301 3151 400 3218 State
423 3152 461 3216 in
485 3152 577 3234 regis
604 3150 782 3227 fidelitate,
803 3149 946 3214 viriliter
973 3155 1116 3231 agentes

166 3269 230 3332 pro
253 3252 373 3334 populi
394 3253 558 3334 urbisque
580 3250 717 3317 salute!
769 3250 838 3314 His
856 3250 968 3327 dietis,
984 3250 1117 3315 alacres

165 3358 307 3433 pontem
326 3359 522 3435 reparatum
539 3357 731 3427 transeunt,
740 3349 858 3414 hostes
873 3349 915 3413 de
926 3350 1117 3432 longinquo

167 3452 400 3516 accelerantes
418 3452 653 3535 conspiciunt3
678 3451 768 3514 inter
782 3469 869 3532 quos
893 3469 1019 3531 magua
1037 3450 1117 3513 belli

162 3550 236 3634 jam
252 3552 409 3617 fervebat
423 3553 578 3626 insania;
603 3552 853 3617 contumaciter
864 3551 1116 3633 enimepiscopi

167 3658 426 3717 contemnentes
456 3652 632 3728 mandata,
659 3652 696 3714 in
725 3657 853 3714 terram
875 3649 985 3732 ipsius
1010 3668 1115 3732 posn-

167 3761 268 3816 eruut
296 3753 465 3817 incendia.
518 3751 598 3829 Quo
623 3750 753 3826 audito,
776 3751 957 3832 episcopus
983 3750 1117 3830 ingenti

167 3854 362 3917 concutitur
378 3854 507 3929 dolore,
525 3852 646 3916 videus
669 3850 842 3914 debilitari
864 3869 918 3912 res
937 3849 1113 3924 ecclesiae3

168 3960 380 4035 acceptoque
402 3954 481 4017 inde
503 3952 658 4028 consilio,
681 3951 782 4033 gravi
803 3969 873 4029 eos,
892 3950 935 4013 ab
959 3950 1116 4013 omuibus

168 4054 227 4135 qui
245 4053 519 4118 circumaderant
534 4060 688 4127 coactnS,
700 4050 870 4134 percussit
886 4049 1115 4113 anathemate.

168 4150 240 4217 Res
262 4154 429 4232 miranda,
447 4161 482 4218 et
501 4154 567 4218 Dei
585 4153 695 4218 virtus
718 4158 753 4215 et
772 4152 835 4215 viri
856 4151 994 4213 bonitas
1016 4148 1117 4212 nimis
1131 4166 1255 4207 umnam
