2918 4866
384 390 450 456 240
628 401 879 451 conrrnnrrro
906 398 1084 450 canorum

384 560 605 625 multitudine
627 563 778 644 copiosa,
806 561 1086 645 archiepiscopus
1113 557 1271 624 Coloniae
1300 565 1337 622 et

383 681 498 726 comes
519 660 562 725 de
584 660 691 726 Gelre
712 662 907 745 capiuntur,
932 667 967 727 ot
995 661 1031 725 in
1052 660 1212 725 custodia
1236 659 1336 724 ducis

385 762 633 826 Brabantensis
677 763 922 826 retruduntur:
963 762 1082 845 sicque
1127 759 1336 825 Brahantini

383 869 506 944 optata
530 863 632 944 potiti
646 871 728 926 sunt
750 863 903 927 victoria.
957 860 1117 926 Maxima
1141 879 1224 943 pars
1248 879 1334 923 nun·

383 960 542 1026 dinarum
567 962 602 1027 S.
627 962 770 1041 Botulfi,
800 980 869 1026 una
897 981 976 1025 cum
999 962 1158 1026 domibus
1187 960 1333 1024 fratrum

384 1061 661 1143 praedicatorum,
694 1063 730 1125 in
760 1063 911 1126 crastino
940 1061 977 1125 S.
998 1061 1021 1126 J
1025 1061 1123 1125 acohi
1150 1057 1210 1144 [26
1237 1060 1264 1124 J
1266 1059 1332 1147 ul.]

221 1182 340 1231 nuptos
382 1161 462 1242 igne
474 1169 677 1244 consumpta
692 1170 755 1226 est.
788 1161 920 1242 Quinto
937 1161 983 1227 id.
1000 1161 1141 1226 Octobr.
1158 1157 1218 1245 [11
1237 1160 1334 1248 Oct.]

220 1234 335 1272 ‘mm'
383 1261 477 1325 sacta
496 1269 551 1326 est
569 1262 706 1345 eclipsis
722 1262 814 1326 lunae
830 1281 917 1345 pene
940 1261 1160 1338 universalis,
1177 1259 1334 1326 duravit-

383 1381 450 1444 que
475 1361 546 1426 sere
574 1369 653 1445 post
680 1363 790 1427 noctis
818 1361 969 1426 medium
993 1361 1169 1444 usquead
1195 1380 1333 1426 aurorae

383 1469 553 1526 exortum.
596 1463 765 1527 Dominus
782 1483 844 1527 rex
860 1461 952 1545 apud
969 1461 1175 1543 Belegarde,
1186 1461 1222 1525 in
1237 1468 1334 1526 terra

384 1562 575 1641 Biernensi‚
592 1561 824 1627 Nativitatem
840 1562 981 1626 Domini
998 1561 1197 1627 celebravit.
1312 1644 1315 1649 Ι

204 1684 293 1740 ,1.1).
304 1685 360 1724 ner.
435 1662 558 1727 Mense
596 1663 763 1727 Februar.
800 1663 894 1727 circa
932 1663 1058 1726 festum
1098 1648 1135 1725 S.
1163 1661 1332 1726 Petri-in·

219 1750 331 1841 mlh
384 1760 559 1827 Cathedra
577 1759 636 1847 [22
655 1762 768 1850 Feb.],
791 1761 1019 1844 Reginaldus,
1038 1763 1146 1826 abbas
1157 1761 1199 1825 de
1214 1761 1334 1826 Walt-

219 1851 334 1943 posnam,
383 1861 473 1939 ham,
494 1864 575 1927 vitae
602 1864 787 1927 terminum
807 1862 901 1940 iecit,
922 1863 1148 1945 sepultusque
1165 1869 1219 1926 est
1236 1862 1332 1944 apud

382 1962 560 2029 Waltham
591 1964 626 2026 in
659 1964 810 2028 crastino
840 1962 875 2028 S.
891 1961 1054 2027 Matthaei
1079 1960 1243 2045 Apostoli
1271 1959 1333 2046 [22

382 2061 495 2149 Sept]
509 2085 518 2142 ;
542 2064 597 2128 cui
611 2064 778 2128 successit
794 2062 970 2127 Rohertus
987 2062 1030 2127 de
1045 2062 1223 2144 Elington‚
1239 2062 1332 2145 ejus·

218 2183 326 2232 Tnektng
381 2162 458 2226 dem
474 2162 541 2227 loci
560 2164 758 2228 canonicus.
796 2163 966 2228 Dominus
988 2182 1052 2226 rex
1073 2161 1168 2226 cum¹
1186 2160 1330 2244 regina,

217 2234 338 2323 ihffiiin
381 2270 506 2344 quarto
531 2282 552 2326 a
576 2263 870 2328 transfretationis
891 2282 965 2328 suae
986 2282 1090 2339 anno,
1113 2261 1225 2345 pridie
1249 2261 1330 2326 idus

219 2333 324 2383 ΕΜ
380 2358 534 2443 Augusti
560 2362 616 2440 [12
640 2361 749 2445 Aug]
774 2362 867 2447 apud
890 2363 1076 2427 Doveriam
1102 2362 1272 2445 applicuit
1292 2362 1330 2426 in

379 2459 525 2544 Anglia,
543 2482 709 2546 moraque
731 2463 766 2526 in
787 2462 926 2540 Cautio,
950 2469 985 2528 et
1007 2463 1186 2545 posteain
1204 2462 1329 2537 Essex,

379 2560 632 2645 aliquantulum
671 2570 862 2646 protracta,
901 2563 957 2627 die
996 2562 1033 2628 S.
1055 2562 1233 2627 Lamberti
1269 2559 1330 2647 [17

378 2659 491 2748 Sept]
509 2663 552 2727 ad
567 2662 734 2728 Sanctum
756 2663 903 2728 accessit
921 2662 1176 2740 Eadmundum,
1197 2662 1233 2726 in
1252 2682 1330 2726 cra-

378 2761 470 2826 stino
486 2771 602 2846 partes
621 2762 833 2827 Norsolchian
849 2764 1032 2846 petiturus.
1067 2761 1171 2828 Unde
1195 2781 1257 2844 per
1275 2763 1328 2825 in·

377 2862 489 2926 sulam
513 2863 688 2928 Eliensem
706 2863 846 2945 navigio
870 2862 1071 2947 procedens
1090 2861 1327 2926 Londoniam-

378 2981 446 3043 que
478 2963 637 3040 tendens,
667 2963 757 3027 diem
791 2962 1047 3029 Translationis
1080 2962 1116 3027 S.
1140 2961 1327 3027 Eadwardi

376 3062 438 3143 [13
478 3061 575 3145 Oct.]
614 3063 704 3145 apud
744 3063 1092 3128 westmonasterium
1128 3063 1329 3127 solemniter

215 3180 344 3270 [προφω
375 3162 576 3235 celebravit.
638 3163 808 3227 Dominus
833 3162 986 3228 Thomas
1018 3161 1202 3246 Weyland‚
1231 3159 1328 3245 capi-

231 3241 243 3269 ⁰
279 3233 363 3281 ‘md'
378 3261 457 3325 talis
484 3264 575 3344 regis
597 3264 810 3345 justitiarius
834 3265 871 3327 in
899 3264 1008 3326 banco
1037 3261 1132 3344 regio
1161 3261 1326 3340 inferiori,

377 3379 481 3443 snper
496 3363 726 3427 retentatione
741 3363 957 3446 quorundam
977 3362 1019 3426 de
1040 3363 1125 3437 suis¹
1142 3363 1202 3445 qui
1216 3361 1328 3445 quen·

377 3461 456 3523 dam
472 3481 582 3544 nuper
595 3462 863 3541 interfecerant,2
877 3463 1065 3526 indictatus
1080 3470 1116 3527 et
1130 3482 1194 3545 pro
1208 3461 1325 3545 iuqui-

376 3560 501 3628 sitione
523 3562 713 3639 convictus,
733 3569 768 3628 et
790 3583 828 3627 se
849 3563 972 3646 gratiae
994 3564 1088 3644 regis
1110 3563 1326 3649 committere

376 3660 576 3738 sormidam,
593 3661 756 3726 fratribus
770 3663 972 3738 minorihus
988 3661 1078 3745 apud
1095 3662 1132 3728 S.
1151 3662 1325 3728 Eadmun·

376 3760 457 3824 dum
472 3764 777 3840 commorantibus,
792 3781 830 3826 se
845 3762 1002 3827 contulit.
1049 3762 1119 3827 Ubi
1136 3781 1217 3844 rege
1234 3780 1325 3845 prae·

414 3978 419 4008 ¹
439 3982 523 4044 01111]
541 3981 598 4032 MS.
610 3986 644 4030 et.
863 3981 1007 4030 committed
1027 3986 1054 4031 at
1072 3980 1115 4030 the
1134 3982 1281 4044 instigatiou
1299 3983 1330 4032 ot

863 4051 1105 4111 Weylandhimselt.
1127 4050 1175 4100 See
1183 4051 1326 4114 Groniques

410 4117 420 4147 ²
436 4121 631 4185 interfecerunt]
655 4121 801 4182 According
811 4125 837 4168 to
862 4122 895 4170 de
906 4120 1018 4185 london,
1030 4138 1056 4184 p.
1067 4125 1099 4171 25
1109 4137 1117 4182 ;
1134 4120 1228 4173 Dunst.
1233 4138 1264 4185 p.
1276 4127 1326 4174 573

373 4190 445 4241 other
455 4192 612 4254 authorities,
619 4191 661 4240 the
669 4191 772 4242 murder
781 4205 836 4240 was
861 4194 954 4244 -5tt.
