2918 4866
382 368 574 441 amaruan
600 388 882 442 wmoaursusrs.
1043 372 1107 438 129

155 547 326 626 incendio,
342 551 532 615 combustis
555 550 721 627 ecclesiis,
744 570 832 633 pene
857 567 976 613 omnes
993 549 1103 631 perie-

154 656 247 714 runt.
301 649 449 715 Crudele
479 651 728 734 spectaculum,
762 658 798 714 et
829 650 914 732 ipsis
946 648 1103 714 hostibus

154 749 296 814 nimium
327 751 533 827 miserabile,
564 771 642 816 cum
678 751 835 817 viderent
868 749 997 831 templa
1035 748 1102 813 Dei

153 847 234 929 igne
251 850 418 927 consumi,
440 852 565 933 quibus
595 851 700 916 etiam
728 849 953 933 paganissimi
981 868 1099 931 peper-

152 948 293 1014 cissent.
361 949 488 1034 ltaque
518 951 695 1016 destructa
731 958 784 1015 est
822 949 1099 1031 Snottingaham,

153 1050 235 1114 urbs
247 1050 472 1128 nobilissima,
487 1071 578 1129 cum,
590 1071 635 1116 ex
650 1070 720 1134 quo
731 1048 1099 1131 NormanniAngliam

154 1150 221 1215 sibi
250 1149 536 1235 subjugaverant,
563 1172 673 1235 usque
705 1151 749 1214 ad
781 1150 846 1213 hoc
882 1157 1031 1231 tempus,
1063 1151 1098 1214 in

151 1269 288 1315 summa
309 1271 394 1333 pace
415 1260 450 1317 et
475 1253 601 1335 quiete,
624 1250 796 1336 populosa
820 1249 1040 1315 multitudine
1062 1257 1098 1314 et

150 1350 327 1432 opulentia
345 1371 458 1416 rerum
472 1353 625 1416 omnium
642 1352 768 1416 referta
784 1350 914 1414 fuisset
950 1349 1096 1414 Cuidam
1108 1366 1241 1457 mque

151 1450 331 1527 monacho,
358 1451 468 1515 literis
496 1461 532 1516 ct
557 1453 702 1517 scientia
728 1451 889 1516 nobiliter
915 1450 1095 1528 instructo,
1108 1468 1259 1518 numurus-

152 1549 259 1615 Petro
277 1552 425 1629 nomine,
435 1551 520 1617 data
536 1560 590 1616 est
608 1554 651 1617 ab
665 1553 832 1628 Henrico,
845 1550 1094 1615 Wintoniensis

149 1649 303 1715 ecclcsiae
319 1652 494 1735 episcopo,
517 1659 647 1716 sanctae
673 1653 843 1717 Romanae
868 1650 1022 1715 ecclesiae
1045 1650 1093 1714 le-

149 1757 245 1830 gato,
276 1751 582 1817 Malmesbiriensis
617 1753 765 1817 abbatiae
799 1751 969 1834 praelatio.
1021 1750 1093 1814 Hic

148 1851 241 1933 apud
253 1850 459 1915 cluniacum
470 1859 608 1935 sumpto
620 1853 737 1916 habitu
752 1852 940 1933 religionis,
952 1850 1091 1915 functus

148 1957 201 2014 est
218 1951 397 2034 aliquanto
412 1959 567 2035 tempore
581 1953 736 2035 prioratu
750 1952 795 2016 de
809 1951 987 2029 Caritate3
1010 1951 1091 2015 inde

147 2058 345 2133 assumptus
368 2052 555 2135 praeficitur
580 2053 789 2117 monasterio
816 2050 934 2116 Sancti
957 2051 1090 2115 Urbani

146 2168 247 2233 papae
279 2152 316 2215 in
337 2152 490 2240 dioecesi
525 2152 790 2218 catalaunensis
827 2152 992 2229 ecclcsiae,
1018 2151 1090 2229 sed,

146 2250 246 2315 malis
272 2253 566 2319 crebrescentibus
591 2253 725 2337 sibique
750 2251 1018 2330 imminentibus,
1040 2252 1092 2317 lo·

146 2369 225 2415 cum
249 2350 348 2416 illum
377 2352 533 2418 deserere
563 2361 718 2431 coactuS,
746 2355 915 2419 suadente
947 2352 1091 2435 praefato

145 2449 378 2518 Wintonicnsi
393 2455 551 2538 praesule,
570 2455 657 2519 adiit
672 2453 851 2537 Angliam,
874 2453 1092 2536 praedictam·

145 2571 212 2636 que
227 2553 293 2618 hoc
311 2572 402 2618 anno
417 2555 570 2639 ¹suscepit
585 2555 766 2621 ecclesiam
781 2553 980 2637 regendam.

196 2653 395 2738 Stephanus
416 2674 477 2720 rex
501 2656 708 2738 Anglorum,
731 2662 812 2738 post
832 2654 1016 2718 diuturnos
1039 2653 1089 2716 la·
1114 2670 1140 2710 Α
1147 2671 1175 2710 υ
1185 2669 1242 2711 nn

145 2753 246 2818 bores
264 2761 299 2819 et
313 2753 509 2821 obsidiones
527 2754 760 2833 castellorum,
779 2755 904 2838 quibus
925 2773 988 2835 pro
1002 2771 1089 2835 pace
1101 2739 1138 2828 {f}
1137 2739 1179 2829 {1³¹¹
1167 2749 1195 2779 ¹¹

144 2855 242 2936 regni
254 2871 288 2918 ν.
300 2857 399 2919 annis
415 2863 451 2920 et
460 2873 506 2920 vr.
517 2854 789 2920 bebdomadibus
800 2853 994 2930 desudavrt
1010 2860 1088 2916 tan·
1100 2840 1184 2889 ¹³¹¹¹⁰⁰
1144 2849 1203 2880 ⁰¹¹⁰·¹

145 2952 222 3016 dem
236 2954 272 3018 in
283 2956 460 3021 obsidione
478 2955 728 3021 Lincolniensis
744 2955 889 3032 castelli,
899 2954 954 3018 die
966 2952 1088 3016 Purih-
1130 2980 1131 2983 ¹

143 3054 290 3118 cationis
300 3055 438 3120 Sauctae
449 3056 584 3132 Mariae‚
595 3055 779 3120 Dominica
788 3055 842 3119 die
853 3054 1088 3136 Sexagesimae

145 3149 183 3237 [2
195 3154 311 3236 Feb.],
322 3173 344 3218 a
359 3153 593 3220 Glocestrensi
605 3156 731 3221 comite
744 3156 912 3232 Roberto,
924 3153 1088 3218 avunculi

142 3254 207 3325 sui,
221 3254 306 3331 filio,
323 3263 358 3319 et
380 3275 401 3319 a
424 3255 600 3321 Castrensi
622 3257 748 3321 comite
772 3255 972 3338 Ranulpbo,
989 3254 1088 3338 justo

148 3353 212 3418 Dei
221 3354 355 3439 judicio
368 3356 621 3421 circumventus
633 3364 669 3421 et
679 3346 815 3440 captus,
826 3356 936 3438 primo
948 3355 991 3419 ad
1002 3352 1089 3419 Glo-

142 3461 350 3519 cestrensem
373 3456 556 3521 Dominica
580 3455 887 3540 Quinquagesimae
915 3455 953 3538 [9
974 3455 1086 3537 Feb.],

141 3553 264 3619 deinde
295 3555 339 3619 ad
373 3556 661 3622 Bricstowensem
693 3558 811 3620 urbem
843 3554 1025 3633 adductus,
1052 3563 1087 3620 et

140 3653 308 3719 custodiae
333 3657 553 3739 mancipatus
579 3654 654 3721 cst.¹
706 3656 810 3740 Capti
837 3663 920 3720 sunt
944 3676 1022 3719 cum
1045 3675 1086 3718 eo

140 3756 363 3837 quamplures
381 3754 499 3820 fideles
516 3758 638 3841 ipsius,
654 3757 871 3840 vinculisque
885 3755 1085 3838 mancipati.

140 3853 348 3920 Morabatur
366 3855 501 3920 interim
524 3857 561 3921 in
577 3858 662 3922 urbe
687 3855 925 3921 Glocestrensi
947 3855 1087 3920 domina

173 4050 181 4082 ¹
198 4051 354 4115 Moncipotus
364 4052 422 4116 est]
440 4053 490 4101 For
500 4053 542 4102 the
554 4053 598 4102 de·
623 4052 755 4114 Stephani,
767 4069 811 4114 pp.
820 4056 911 4115 tuti,
919 4052 969 4100 and
979 4051 1087 4101 R.Wen·

136 4119 196 4170 taile
207 4121 236 4169 of
243 4121 287 4171 the
297 4123 377 4172 battle
388 4123 417 4172 of
432 4124 537 4172 Lincoln
549 4124 599 4172 and
623 4123 709 4186 dover,
722 4135 754 4174 11.
765 4138 792 4186 p.
804 4127 862 4185 228,
872 4138 909 4186 aq.

138 4195 243 4254 capture
264 4192 294 4241 ol
312 4192 432 4257 Stephon,
451 4208 493 4243 see
518 4192 600 4243 Gesta

185 4308 270 4357 Tou.
287 4308 325 4358 11.
913 4307 933 4352 ll
