2918 4866
335 384 526 432 rnonnuru
557 382 835 432 wroouurnnsrs.
989 366 1061 431 241

110 542 258 624 cipiante
293 563 354 626 per
386 543 521 626 aliquot
552 543 625 607 dies
662 562 683 606 a
722 543 836 625 patria
875 541 1060 625 diligenter

111 643 316 720 custoditus,
334 663 412 707 cum
430 643 542 708 minus
557 644 770 725 sperabatur,
793 642 947 706 habitum
964 663 1058 707 sum·

111 741 181 821 psit
209 743 406 808 eorundem.
459 742 539 823 Quo
568 743 698 818 audito,
726 762 789 806 rex
822 744 991 824 quandam
1015 743 1057 809 de

109 841 181 904 suis
205 842 459 908 collateralibus
485 842 638 919 militem,
663 862 833 906 unacum
860 850 934 907 toto
952 844 1056 908 corni·

109 947 198 1015 tatu,
223 941 266 1006 ad
294 942 422 1008 dictam
446 942 638 1007 custodiam
666 943 820 1007 securius
854 942 1056 1008 firmandam

111 1038 308 1107 destinavit.
376 1042 599 1125 Tandemque
632 1042 745 1106 dictus
777 1042 942 1119 Thomas,
977 1050 1057 1126 post

111 1140 258 1206 duorum
290 1143 458 1206 mensium
487 1143 712 1219 obsidionem,
747 1142 910 1226 dispersis
948 1143 1060 1225 primo

109 1260 172 1323 per
202 1242 280 1309 loca
313 1241 477 1307 fratribus
511 1242 582 1306 fere
615 1243 796 1319 universis,
828 1243 905 1324 ipso
939 1243 1058 1309 habitu

109 1341 243 1419 relicto,
258 1349 292 1407 et
307 1343 466 1407 saeculari
481 1349 671 1425 assumpto,
690 1343 811 1418 exivit,
827 1349 862 1406 et
879 1341 921 1406 ad
940 1363 1057 1425 regem

109 1440 279 1506 adductus
305 1442 341 1505 in
377 1442 481 1506 Turri
506 1442 725 1506 Londonensi
749 1441 847 1506 salvo
872 1442 1057 1525 deponitur

110 1541 366 1608 custodiendus.
424 1542 594 1606 Dominus
625 1561 716 1624 papa
749 1541 931 1617 Karolum,
961 1543 1055 1625 prin-

112 1641 221 1723 cipem
243 1641 286 1706 de
309 1642 344 1706 la
360 1639 505 1719 Μιιιτθ,1
525 1642 649 1706 Karoli
668 1641 797 1705 dudum
819 1642 910 1723 regis
929 1641 1055 1707 Siciliae

112 1735 281 1827 [filium],²
312 1741 523 1817 sublimavit,
553 1749 588 1806 et
618 1741 732 1824 ipsum
767 1740 971 1818 diademate,
1001 1742 1056 1806 die

112 1839 335 1906 Pentecostes
376 1837 435 1926 [29
469 1839 585 1926 Maii],
624 1841 821 1905 solemniter
868 1842 1056 1906 coronavit.

111 1938 243 2004 Civitas
271 1941 502 2023 Tripolitana,
532 1960 610 2004 cum
643 1941 815 2004 universis
847 1941 989 2004 urbibus
1022 1948 1057 2005 et
1070 1953 1179 2002 Tripolin

1069 2003 1130 2052 Syris
1137 2005 1203 2044 taken

111 2039 245 2117 viculis,
267 2060 400 2105 necnon
423 2048 498 2105 tota
519 2041 633 2122 patria
656 2040 850 2124 adjacente,
876 2040 1058 2104 interfecta
1070 2054 1180 2145 mgna

112 2138 384 2210 Christianorum
418 2140 636 2204 multitudine
665 2141 891 2224 permaxima,
926 2159 948 2204 a
978 2139 1058 2204 Sar·

111 2241 245 2304 racenis
271 2249 386 2324 capta,
412 2240 590 2305 destructa
613 2247 647 2304 et
678 2241 846 2305 subversa
871 2245 935 2304 est.
987 2239 1057 2305 Do·

113 2340 226 2404 minus
269 2361 332 2404 rex
367 2339 498 2404 Natale
529 2340 672 2405 Domini
707 2339 799 2424 apud
834 2339 1055 2404 Westmona·

110 2439 253 2504 sterium
269 2440 467 2504 solemniter
483 2440 680 2507 celebravit.
727 2493 728 2496 ,

162 2539 297 2605 Habito
327 2541 554 2623 parliamento
580 2537 673 2622 apud
698 2538 1057 2613 westmonasterium,
1082 2554 1142 2594 tn·
1153 2555 1210 2594 12⁹⁰·

111 2645 146 2705 et
175 2658 196 2702 a
219 2640 274 2703 die
292 2640 571 2705 circumcisionis
593 2639 734 2703 Domini
758 2635 795 2723 [l
818 2637 918 2724 Jam]
947 2620 1176 2721 usquessli²i¹¹⁸'

111 2745 191 2820 post
219 2739 345 2803 festum
375 2740 410 2804 S.
432 2739 612 2804 Valentini
642 2736 701 2823 [14
734 2735 836 2823 Feb]
870 2720 1211 2820 protracto,{',fssf,ssss,⁶¹¹²⁸⁸

112 2857 217 2921 super
242 2839 388 2904 divorsis
411 2840 624 2904 diversorum
645 2838 915 2922 justitiariorum
945 2843 1056 2901 trans·
1068 2820 1196 2920 ῗζᾶἳὲῗθηι

111 2938 345 3018 gressionibus
362 2939 487 3003 ibidem
501 2939 688 3013 ventilatis,
701 2958 764 3020 pro
779 2937 925 3003 divorsis
939 2955 1058 3001 causa·

113 3057 189 3101 rum
223 3039 366 3113 merida,
398 3039 544 3103 diversae
574 3057 596 3103 a
629 3038 769 3101 domino
801 3057 883 3119 rege
915 3044 949 3101 et
983 3033 1059 3120 ejus

110 3137 252 3203 consilio
284 3140 466 3204 sententiae
496 3148 577 3203 sunt
609 3137 767 3220 prolatae.
837 3137 936 3201 Inter
971 3154 1061 3219 quas
1072 3154 1175 3193 sentence
1184 3163 1211 3191 on

1033 3237 1040 3250 ,
1071 3205 1164 3243 Thomas
1173 3203 1201 3242 ds

111 3237 269 3302 dominus
289 3239 443 3302 Thomas
465 3237 649 3323 Weyland,
675 3237 832 3301 omnibus
864 3235 963 3300 bonis
987 3255 1059 3306 sms
1073 3253 1174 3302 nuum

112 3337 296 3402 mobilibus
312 3345 346 3402 et
369 3338 599 3419 immobilibus
620 3337 830 3421 sempiterno
851 3335 1060 3414 confiscatis,
1069 3305 1183 3405 ἷιῖἶῗιιιῗῗηι

112 3438 243 3520 absque
259 3457 321 3521 spe
336 3438 508 3502 remeandi
525 3436 630 3502 exilio
646 3435 832 3520 deputatus
848 3443 913 3502 est.
965 3436 1059 3500 Mul-

112 3536 208 3619 tique
221 3538 264 3601 de
276 3537 491 3622 justitiariis,
506 3545 578 3602 tam
594 3537 637 3600 de
653 3538 764 3601 banco
782 3554 886 3618 quam
901 3535 944 3599 de
958 3536 1060 3601 itinc-

64 3672 66 3677 ι
112 3638 268 3701 rantibus
283 3638 482 3720 praeteritis,
505 3637 604 3701 salvo
621 3634 837 3700 custodiendi
859 3635 903 3699 ad
921 3635 1060 3699 Turrim

111 3742 193 3800 sunt
209 3738 415 3802 transmissi.
468 3737 565 3801 Inter
587 3755 674 3819 quos
694 3735 901 3819 principales
924 3734 1066 3799 fuorunt

149 4023 156 4053 ¹
169 4022 275 4086 Murra]
284 4023 381 4071 Morea.
394 4022 436 4069 He
443 4022 466 4069 is
472 3999 575 4082 usually

111 4092 213 4210 3113le
212 4093 299 4153 priucc
316 4092 344 4141 oi
358 4091 471 4154 salerno,
482 4090 532 4139 and
550 4089 578 4138 ol
637 4085 778 4152 witam]
797 4088 911 4189 Omitted
918 4088 943 4136 in
955 4087 997 4137 tbe
1008 4086 1065 4138 MS.

165 4278 253 4326 rou.
270 4278 309 4325 11.
738 4340 740 4344 Α
891 4272 914 4318 u
