2918 4866
363 388 432 457 264
614 405 861 456 conmunlvro
885 405 1060 456 cuuouror

213 585 344 626 annin.
417 566 451 631 A
476 567 595 649 vigilia
616 567 757 632 Natalis
785 585 895 651 usque
922 568 966 632 ad
992 568 1081 633 dlem
1109 567 1142 631 S.
1160 565 1323 633 Silvestri

204 650 316 744 iffi„
366 663 427 752 [31
444 666 561 754 Dec.],
589 668 773 752 utrobique
797 676 881 733 tunc
911 668 1102 745 exclusive,
1131 668 1197 745 sol,
1224 669 1322 746 luna,

365 768 520 833 stellaeve
536 788 605 831 non
623 777 900 852 comparuerunt,
922 769 997 846 nix,
1014 767 1160 849 grando,
1176 768 1323 852 glacies,

365 868 498 950 pluvia,
529 875 698 933 ventusve
734 888 803 932 non
842 868 1046 945 extiterunt,
1080 868 1163 950 quin
1202 869 1323 950 potius

365 965 518 1053 (utinam
546 967 637 1032 felici
659 965 833 1054 auspicio)
859 969 972 1039 omnia
1001 967 1130 1051 pariter
1150 968 1323 1034 elementa

367 1067 515 1150 quodam
544 1067 642 1132 letali
671 1068 785 1151 sopita
809 1068 950 1133 vinculo
982 1068 1200 1150 quieverunt.
1245 1069 1321 1133 Do·

366 1168 478 1231 minus
499 1187 561 1230 rex
582 1168 675 1250 apud
692 1169 1049 1246 westmonasterium,
1075 1176 1110 1233 et
1126 1166 1320 1246 Gilbertus,

365 1286 482 1331 comes
500 1266 709 1346 Gloverniae,
732 1288 811 1333 cum
831 1269 1007 1332 comitissa
1031 1287 1106 1346 sua,
1129 1268 1221 1351 regis
1244 1266 1321 1333 An·

366 1366 449 1449 gliae
464 1367 547 1445 filia,
564 1368 656 1451 apud
676 1367 792 1445 Clare,
812 1367 943 1432 Natale
961 1369 1103 1432 Domini
1118 1367 1321 1433 solemnitor

206 1481 326 1521 orantus
367 1467 637 1532 celebraverunt.
690 1469 860 1532 Dominus
881 1488 973 1552 papa
995 1467 1133 1532 domino
1153 1467 1227 1550 regi
1244 1467 1320 1532 An·

205 1533 267 1571 tenth
277 1532 301 1570 ol
307 1543 339 1570 eo·

205 1582 331 1673 pomp
368 1567 448 1649 gliae
480 1569 648 1632 decimam
676 1569 828 1632 omnium
854 1577 1083 1650 proventuum
1110 1569 1322 1632 ecclesiasti·

366 1687 498 1744 corum,
532 1669 683 1732 omnium
718 1671 822 1734 etiam
853 1670 1022 1733 bonorum
1055 1669 1207 1732 virorum
1239 1669 1322 1732 reli-

365 1768 541 1849 giosorum
575 1788 869 1852 quorumcunque,
913 1768 1162 1851 Hospitalariis
1203 1776 1321 1833 tamen

365 1868 473 1932 etiam
489 1869 698 1951 Templariis
720 1870 890 1953 exceptis,
905 1889 967 1952 per
984 1887 1032 1933 vr.
1053 1888 1163 1934 annos
1184 1869 1219 1932 in
1235 1871 1320 1934 sub-

206 1981 350 2074 fluelrpop
367 1967 491 2031 sidium
529 1970 675 2034 contulit
707 1977 809 2033 terrae
849 1969 1191 2052 Hierosolymitanae.
1243 1971 1320 2035 Do·

228 2043 255 2072 ⁰⁸
297 2045 346 2075 '⁰'
368 2067 481 2131 minus
499 2088 591 2151 papa
613 2074 738 2152 quarto
763 2069 817 2133 die
841 2068 969 2133 mensis
984 2067 1128 2152 Aprilis,
1153 2069 1209 2132 die
1226 2070 1321 2134 vide·

368 2167 449 2233 licet
466 2168 685 2248 Parascevae,
705 2168 828 2233 Romae
842 2169 879 2232 in
896 2169 969 2233 fata
984 2169 1144 2248 decessit,
1161 2171 1320 2236 vacavit·

369 2283 436 2347 que
452 2266 564 2333 sedes·

206 2380 357 2472 {mimi
420 2366 592 2430 Dominus
621 2388 697 2446 ren,
728 2368 848 2449 vigilia
881 2368 1135 2434 Translatiouis
1165 2368 1201 2433 S.
1225 2369 1321 2434 Ead-

206 2443 487 2572 ffiffifflflssdi
511 2467 570 2549 [28
591 2464 708 2551 Apr.],
730 2469 868 2533 veniens
896 2470 987 2553 apud
1012 2468 1049 2533 S.
1066 2469 1322 2549 Eadmundum,

202 2605 205 2609 «
325 2560 331 2581 ’
368 2583 444 2630 cum
460 2567 531 2632 filio
548 2589 612 2632 suo
630 2577 666 2634 et
685 2568 833 2647 filiabus,
850 2570 976 2634 festum
1002 2588 1080 2633 cum
1101 2569 1193 2633 omni
1216 2570 1322 2634 solle-

367 2668 513 2731 mnitate
536 2669 745 2747 celebravit;
769 2669 918 2753 fecitque
941 2688 1072 2732 moram
1090 2676 1163 2732 tum
1179 2669 1320 2748 ibidem,

370 2774 444 2829 tum
466 2768 558 2852 apud
576 2769 751 2846 Culeford,
773 2771 963 2832 manerium
985 2769 1132 2846 abbatia,
1150 2789 1172 2833 a
1188 2768 1320 2835 Sancto

370 2866 576 2933 Eadmundo
599 2889 661 2951 per
683 2870 750 2933 tria
768 2868 902 2933 distans
927 2868 1085 2945 miliaria,
1103 2888 1165 2951 per
1184 2885 1223 2933 x·
1245 2869 1320 2935 fere

207 2981 315 3072 :ffi-
363 2965 442 3030 dies
476 2969 681 3048 continuos;
719 2969 882 3051 ultraque
913 2967 1114 3052 procedens,
1138 2968 1320 3052 Walsiug·

242 3043 256 3082 ⁸
309 3059 315 3073 ’
369 3063 449 3130 ham
480 3069 637 3145 tetendit,
669 3088 788 3133 versus
817 3068 969 3132 Scotiam
1004 3068 1071 3132 iter
1102 3087 1204 3132 suum
1237 3069 1322 3135 diri-

206 3182 307 3272 shrssaa
368 3184 464 3246 gens.
518 3167 561 3231 In
595 3155 731 3232 recessu
760 3169 928 3251 siquidem
961 3186 1025 3237 suo
1056 3176 1187 3232 cartam
1219 3171 1321 3235 nobis

206 3235 355 3324 bandilii*
367 3264 474 3343 dedit,
503 3287 545 3330 no
568 3267 609 3330 de
636 3275 773 3344 caetero,
802 3275 977 3350 praetextu
1001 3268 1148 3351 alicujus
1172 3288 1320 3353 usurpa·

370 3362 473 3427 tionis
499 3368 695 3448 praeteritae,
725 3369 851 3450 aliquis
870 3368 1139 3451 justitiariorum
1166 3381 1321 3450 suorum,

366 3465 550 3528 occasione
573 3465 703 3549 aliqua,
732 3468 821 3530 infra
850 3468 1051 3532 benleucam
1082 3467 1118 3532 S.
1146 3469 1319 3535 Edmundi

206 3580 331 3669 ffipturaor
368 3562 487 3627 sedere
509 3573 707 3646 praesumat.
753 3567 879 3644 ResuS‚
913 3568 1004 3631 lilius
1029 3567 1218 3645 Mereduci,
1244 3572 1321 3652 qui·

207 3641 321 3724 atilli.
369 3663 448 3727 dam
466 3665 556 3728 inter
570 3665 766 3730 Walleuses
780 3676 988 3748 praepotens,
1006 3687 1182 3731 nemorum
1200 3671 1321 3751 opacis

366 3784 406 3828 se
427 3766 659 3842 committens,
685 3766 955 3848 seditionemque
977 3773 1099 3831 contra
1125 3768 1217 3850 regis
1242 3767 1321 3834 An·

369 3865 449 3945 gliae
464 3872 585 3947 pacem
606 3866 778 3944 excitans,
793 3866 1076 3949 praedationibus
1092 3868 1196 3932 etiam
1212 3869 1321 3934 latro·

368 3965 466 4027 ciniis
497 3972 603 4048 atque
635 3963 828 4030 homicidiis
857 3967 1032 4045 insistens
1061 3986 1126 4049 per
1152 3969 1320 4050 quosdam

205 4078 333 4138 nisiaea.
368 4065 459 4147 regis
477 4065 667 4147 supradicti
683 4065 800 4130 fideles
822 4074 946 4149 captus
964 4075 1038 4131 est:
1063 4068 1123 4149 qui
1143 4069 1187 4131 ad
1202 4089 1320 4151 regem

205 4132 258 4172 Μ’
367 4183 429 4244 Per
446 4166 594 4230 medium
613 4163 750 4248 Angliae
766 4164 810 4230 ad
833 4167 1027 4232 Eb⁰¹a⁰¹¹m
1042 4169 1242 4252 perductus,
1256 4189 1321 4255 per
