2918 4866
205 562 311 653 Methtllda

205 625 255 663 goes
272 623 285 652 e

205 666 343 710 circumter,

365 367 431 434 130
611 381 861 430 carrissime
884 381 1060 430 cneorum

366 544 585 626 imperatrix,
603 541 748 607 Henrici
765 541 858 623 regis
873 539 957 617 filia,
974 559 1052 623 quae
1069 541 1113 604 ob
1129 536 1318 604 illiusmodi

370 651 531 710 eventum
550 643 770 708 vehementer
795 641 1004 716 exhilarata,
1026 647 1147 723 utpote
1171 658 1318 721 regnum

372 745 437 809 sibi
452 745 621 828 juratum,
647 742 738 807 sient
765 742 831 805 sibi
859 741 1052 817 videbatur,
1074 741 1149 824 jam
1175 740 1317 822 adepta,

372 845 492 909 habito
514 862 593 908 cum
621 843 693 906 suis
718 841 876 918 consilio,
898 841 1021 924 quinta
1044 840 1132 904 seria
1157 848 1239 923 post
1263 859 1321 903 ac-

374 952 493 1027 ceptos
513 944 657 1008 Cineres
672 938 731 1026 [17
748 940 848 1027 Feb]
862 961 907 1005 ex
921 942 1006 1005 urbe
1021 941 1198 1017 secedens,
1213 940 1321 1004 eomi-

374 1045 529 1109 tantibus
546 1063 662 1108 seeum
685 1042 820 1106 duobus
840 1041 1025 1124 episcopis,
1044 1041 1224 1106 Barnardo
1242 1039 1320 1103 Me·

376 1144 517 1215 navensi
532 1153 567 1207 et
586 1141 728 1224 Nigello
745 1141 888 1216 Eliensi,
904 1147 939 1205 et
963 1140 1173 1218 Gisleberto,
1195 1141 1321 1204 abbate

376 1241 600 1321 Glaornensi‚
615 1262 693 1306 cum
710 1241 896 1305 baronibus
912 1241 1042 1318 multis,
1060 1261 1138 1306 cum
1153 1239 1321 1305 militibus

376 1363 417 1409 ac
440 1343 620 1421 ministris,
647 1341 927 1407 Ciricestrensem
951 1341 1037 1407 adiit
1054 1341 1251 1420 civitatem
1274 1338 1322 1404 ibi

376 1443 523 1528 primum
540 1451 621 1527 post
637 1449 772 1507 tantum
791 1441 956 1524 gaudium
973 1441 1105 1506 habens
1121 1440 1323 1524 hospitium,

377 1543 481 1610 simul
510 1551 546 1608 et
575 1543 730 1627 ejusdem
761 1542 914 1606 civitatis
946 1561 1085 1606 sumens
1118 1540 1321 1606 dominium.

379 1644 467 1708 Inde
481 1643 657 1720 secedens,
675 1660 753 1707 cum
769 1642 1064 1726 appropinquaret
1081 1642 1125 1706 ad
1145 1641 1322 1707 civitatem

218 1775 267 1804 ω.
284 1723 307 1803 ¹¹„ss
378 1744 581 1821 Wintoniae,
603 1748 789 1809 occurrunt
811 1741 863 1806 illi
892 1761 970 1807 cum
997 1741 1110 1824 gloria
1134 1750 1170 1807 et
1196 1760 1325 1825 pompa

222 2562 359 2604 Maledictiou

222 2626 249 2654 on
259 2616 297 2655 her
306 2614 343 2653 ed·
388 2646 394 2659 .

379 1844 565 1927 magnilica
580 1842 746 1928 praesules
768 1861 856 1926 pene
879 1843 986 1907 totius
1002 1841 1155 1924 Angliae,
1176 1842 1326 1907 barones

381 1944 491 2021 multi,
520 1944 692 2027 principes
720 1941 872 2025 plurimi,
900 1942 1028 2007 milites
1053 1944 1235 2020 innumeri,
1265 1943 1325 2005 ab·

380 2045 480 2109 hates
513 2063 590 2108 eum
631 2045 703 2107 suis
735 2043 875 2121 diversi,
908 2062 953 2107 ex
987 2042 1107 2109 eadem
1139 2043 1224 2108 urhe
1258 2043 1328 2107 duo

382 2152 573 2209 conventus
590 2144 849 2221 monachorum,
865 2145 989 2209 tertius
1002 2143 1328 2221 sanctimonialium,

383 2263 461 2307 cum
479 2243 791 2325 processionalibus
805 2243 962 2308 melodiis
977 2251 1012 2309 et
1027 2243 1201 2322 laudibus,
1215 2244 1329 2308 clerus

385 2344 481 2407 urhis
500 2363 578 2407 cum
606 2343 741 2407 civibus
766 2350 802 2406 et
825 2344 963 2425 populis
986 2345 1115 2410 multis.
1162 2343 1329 2410 Traditur

384 2444 503 2527 itaque
525 2443 602 2528 ejus
623 2442 767 2525 imperio
791 2443 873 2506 urbs
896 2442 1109 2508 nobilissima
1125 2443 1329 2519 Wintoniae,

385 2545 489 2609 datur
518 2545 593 2628 ejus
620 2541 771 2607 dominio
803 2563 934 2607 corona
964 2545 1062 2626 regni
1091 2544 1250 2628 Angliae3
1285 2544 1329 2608 ab

222 2665 364 2714 verenam
384 2663 461 2727 ipso
477 2644 594 2727 legato
608 2643 861 2708 maledicuntur
873 2644 933 2728 qui
948 2645 1157 2711 maledicunt
1168 2645 1212 2723 ei,
1225 2646 1330 2710 bene-

223 2716 283 2755 theh
299 2714 338 2754 ,οἱ

223 2725 364 2806 wlnelrerter.

224 3014 309 3062 wilton,

385 2746 548 2810 dicuntur
578 2744 638 2827 qui
670 2745 880 2809 benedicunt
910 2746 953 2822 ei,
985 2746 1331 2811 excommunicantur

386 2845 673 2922 contradicentes
708 2844 936 2910 absolvuntur
972 2846 1048 2930 ejus
1080 2845 1230 2930 jussioni
1267 2863 1330 2928 pa-

224 2964 355 3012 rheroesto
387 2954 513 3011 rentes.
564 2943 596 3009 A
621 2945 803 3010 Wintonia
824 2964 965 3028 egressa
986 2964 1065 3028 cum
1087 2947 1159 3011 suis
1176 2945 1331 3011 officiali-

387 3048 452 3111 bus
468 3045 618 3122 domina,
639 3045 713 3109 adit
728 3045 946 3122 Wiltoniam,
964 3040 1028 3110 uhi'
1043 3046 1086 3110 ad
1108 3045 1332 3110 salutandum

388 3167 463 3212 eam
478 3144 737 3210 Cantuariensis
749 3145 847 3209 affuit
861 3144 1085 3228 archipraesul
1099 3145 1334 3211 Theohaldus.

388 3245 537 3310 Affluxit
553 3252 674 3309 ettam
689 3246 831 3327 copiosa
848 3245 1056 3328 populorum
1070 3245 1277 3330 frequentia,
1293 3254 1335 3312 ut

387 3366 460 3429 prae
470 3344 691 3410 multitudine
703 3345 952 3409 introeuntium
963 3346 1023 3411 vix
1037 3345 1209 3411 sufficeret
1219 3347 1334 3411 aditus

224 3462 361 3512 toranus,
388 3453 579 3527 portarum.
627 3444 715 3510 Inde
727 3444 803 3527 jam
816 3446 968 3527 peractis
984 3445 1082 3510 sestis
1098 3446 1335 3529 paschalibus,

390 3545 434 3608 ad
452 3544 652 3625 Radingum
667 3543 759 3608 infra
771 3544 988 3627 Rogationes
1004 3546 1042 3629 [4
1058 3546 1162 3630 Maii]
1179 3548 1334 3625 veniens,

392 3644 581 3726 suscipitur
603 3664 682 3708 cum
702 3644 900 3721 honoribus,
919 3646 1097 3711 hincinde
1120 3647 1335 3730 principibus

392 3763 471 3807 cum
496 3744 634 3827 populis
663 3744 707 3808 ad
738 3745 813 3829 ejus
844 3744 1026 3828 imperium
1055 3746 1334 3812 convolantibus.

226 3861 269 3901 sna
281 3861 369 3901 onore.
391 3844 606 3909 Convenitur
616 3845 664 3908 ihi
682 3846 726 3909 ab
739 3845 859 3910 eadem
872 3845 916 3910 de
930 3847 1141 3930 principibus
1160 3867 1262 3924 unus,
1274 3867 1336 3911 vo-

388 3943 511 4007 cabulo
531 3943 707 4007 Robertus
732 3945 775 4008 de
796 3945 909 4024 Oleio,
932 3947 976 4011 de
997 3947 1171 4012 reddendo
1196 3949 1337 4012 Oxene-

387 4043 539 4108 fordensi
566 4044 734 4118 castello;
771 4065 840 4127 quo
868 4048 1115 4124 consentiente,
1141 4049 1237 4112 venit
1264 4048 1338 4126 illa,

387 4145 563 4227 totiusque
593 4144 747 4209 civitatis
795 4154 830 4210 et
872 4147 1149 4231 circumjacentis
1181 4149 1337 4231 regionis
