2902 4852
335 358 378 420 14
698 371 909 421 cnaourcou

334 531 491 614 partibus
513 529 694 607 habuerat,
718 530 822 612 longo
838 537 992 612 tempore
1010 531 1117 612 degit.
1171 530 1281 616 Cujus

333 632 503 698 adventus
521 631 684 713 episcopo
699 630 863 696 Walcero
884 650 954 695 non
977 632 1093 695 extitit
1112 631 1283 713 ingratus,

333 733 416 815 quia
447 731 557 796 eidem
587 737 708 794 sancto
739 731 840 795 valde
871 731 1018 796 devotus
1049 731 1214 797 extiterat
1245 733 1282 797 in

333 832 503 898 omnibus.
556 831 690 895 Idcirco
706 831 842 913 abipso
858 829 893 893 in
910 839 1045 895 tautum
1061 832 1281 914 diligebatur,

332 942 372 998 ut
383 934 514 1016 absque
529 930 621 995 illius
632 930 776 995 consilio
790 931 938 1015 majores
953 931 1163 996 secularium
1176 951 1281 1014 nego·

332 1034 459 1099 tiorum
476 1050 600 1097 causas
621 1031 819 1096 nullatenus
842 1051 946 1114 agere
959 1032 1065 1096 vellet
1081 1039 1142 1098 aut
1164 1033 1279 1116 dispo·

332 1140 438 1198 neret.
474 1131 530 1197 Ob
543 1150 646 1213 quam
662 1151 734 1196 rem
747 1150 832 1196 suus
845 1133 1045 1215 capellanus
1059 1132 1280 1211 Leobwinus,

332 1253 433 1316 quem
452 1234 488 1297 in
507 1238 643 1297 tantum
665 1231 884 1298 exaltaverat
908 1240 948 1297 ut
971 1240 1006 1297 et
1023 1233 1059 1296 in
1076 1234 1279 1317 episcopatu

330 1335 417 1399 etin
432 1334 598 1399 comitatu
619 1333 690 1396 fere
704 1332 754 1396 nil
771 1333 845 1397 sine
859 1332 953 1397 illius
968 1333 1111 1398 arbitrio
1127 1335 1277 1417 agitare-

331 1445 398 1513 tur,
421 1434 560 1499 invidiae
573 1431 721 1497 stimulis
742 1452 939 1510 succensus,
962 1440 997 1498 et
1019 1441 1162 1516 propter
1177 1453 1276 1500 suam

329 1535 522 1618 potentiam
539 1533 639 1598 taedis
662 1533 831 1616 superbiae
852 1533 954 1597 nimis
971 1534 1123 1610 inflatus,
1140 1554 1178 1598 se
1195 1554 1278 1599 con-

329 1642 385 1700 tra
414 1635 618 1718 praedictum
647 1634 760 1698 virum
791 1640 996 1716 arroganter
1027 1635 1157 1710 erexit3
1190 1653 1276 1716 qua·

330 1745 471 1818 propter
509 1733 675 1798 nonnulla
711 1733 786 1816 ejus
819 1733 954 1817 judicia
990 1741 1095 1817 atque
1131 1735 1276 1800 consilia

330 1836 428 1901 flocci
465 1834 648 1918 pendebat,
685 1835 912 1917 omnibusque
947 1834 1057 1898 modis
1096 1835 1276 1902 annullare

329 1937 487 2001 sudabat.
550 1935 763 2018 Frequenter
801 1935 906 1998 etiam
945 1954 1061 1999 coram
1090 1936 1275 2018 episcopo,

329 2057 398 2100 non
425 2036 500 2099 sine
526 2034 641 2111 minis,
667 2053 747 2097 cum
774 2053 814 2099 eo
845 2033 999 2126 litigans,
1031 2035 1129 2099 illum
1162 2037 1275 2102 verbis

329 2135 503 2219 probrosis
539 2135 667 2216 saepius
710 2132 754 2198 ad
795 2134 1010 2199 iracundiam
1048 2138 1272 2218 provocabat.

329 2235 490 2315 Quadam
515 2235 635 2318 itaque
664 2235 731 2313 die,
757 2254 836 2299 cum
864 2235 955 2299 idem
984 2235 1038 2300 vir
1065 2235 1200 2302 Liulfus
1229 2238 1274 2301 ab

327 2337 490 2420 episcopo
520 2344 666 2400 vocatus
691 2334 734 2399 ad
760 2335 950 2411 consilium,
974 2335 1100 2417 legalia
1126 2356 1274 2420 quaeque

327 2445 362 2501 et
393 2443 488 2501 recta
520 2435 730 2511 decerneret,
762 2436 968 2500 obstinatius
1002 2436 1033 2500 ei
1064 2436 1272 2502 Leobwinus

327 2536 472 2614 obstitit,
498 2543 534 2600 et
556 2536 704 2620 loquelis
727 2536 834 2599 illum'
849 2536 1105 2601 contumeliosis
1131 2557 1274 2603 exacer-

327 2638 433 2704 bavit.
485 2636 553 2701 Sed
575 2637 658 2720 quia
680 2635 739 2700 ille
759 2636 937 2718 respondit
961 2637 992 2700 ei
1015 2636 1134 2702 durius
1156 2638 1272 2717 solito,

327 2737 370 2802 de
392 2737 513 2820 placiti
536 2737 613 2803 loco
639 2736 798 2801 discessit
818 2736 922 2814 illico,
949 2744 984 2800 et
1003 2757 1151 2802 evocans
1173 2738 1217 2802 ad
1234 2758 1272 2803 se

328 2837 556 2915 Gilebertum,
586 2836 642 2902 cui
663 2837 805 2919 praesul,
832 2837 915 2918 quia
945 2856 1029 2901 suus
1058 2838 1272 2922 propinquus

329 2939 457 3014 extitit,
477 2939 679 3004 comitatum
709 2936 1060 3019 Northymbrensium
1082 2940 1271 3020 subrogen-

242 3026 245 3033 ’
327 3038 409 3103 dum
424 3040 652 3114 commiserat,
667 3043 708 3101 ut
723 3056 760 3101 se
777 3036 967 3102 vindicaret
981 3039 1107 3102 obnixe
1122 3039 1272 3121 rogavit,

327 3146 363 3203 et
397 3138 548 3202 Liulfum
583 3156 686 3220 qnam
720 3137 821 3202 citius
853 3145 971 3219 posset
1001 3139 1105 3204 morti
1136 3138 1272 3204 tradere

326 3244 527 3302 maturaret.
581 3236 648 3301 Ille
673 3246 788 3303 autem
817 3237 998 3302 confestim
1029 3238 1156 3321 iniquis
1185 3239 1273 3322 peti-

325 3338 476 3403 tionibus
505 3338 728 3420 acquiescens
759 3337 842 3414 suis,
870 3344 905 3402 et
934 3337 1086 3421 episcopi
1117 3346 1153 3403 et
1177 3339 1270 3423 ejus·

324 3439 401 3503 dem
424 3437 601 3504 Leobwini
622 3437 788 3501 militibus
810 3438 847 3501 in
869 3458 977 3502 unum
994 3438 1210 3516 coadunatis,
1225 3440 1270 3504 ad

324 3538 440 3603 villam
457 3538 515 3603 ubi
530 3545 613 3603 tunc
630 3536 766 3602 Liulfus
782 3540 989 3613 morabatur,
1004 3547 1105 3603 nocte
1120 3540 1270 3623 quadam

323 3639 487 3721 perrexit,
506 3657 547 3702 ac
570 3637 669 3702 illum
694 3658 772 3702 cum
794 3657 860 3702 sua
883 3638 1015 3702 familia
1041 3639 1111 3704 iere
1135 3640 1269 3704 totuin

322 3738 424 3802 domo
457 3739 598 3821 propria
628 3738 756 3823 injuste
787 3739 942 3820 peremit.
1004 3736 1084 3817 Quo
1115 3740 1270 3821 cognito,

322 3840 476 3920 graviter
499 3839 645 3903 antistes
671 3859 716 3903 ex
742 3837 845 3902 corde
868 3839 1058 3920 suspiravit
1081 3838 1213 3917 intimo,
1234 3848 1270 3906 et

321 3940 450 4022 capitio
471 3939 644 4021 decapite
665 3938 821 4002 detracto
842 3944 878 4002 et
899 3939 934 4003 in
958 3946 1083 4003 terram
1102 3939 1269 4023 projecto,

320 4039 518 4115 Leobwino,
535 4040 594 4121 qui
617 4045 700 4102 tunc
724 4057 876 4120 praesens
899 4040 1030 4113 aderat,
1048 4039 1158 4102 tristis
1179 4039 1270 4105 dixit

319 4141 505 4226 continuo:
547 4138 665 4214 ‘Tuis,
690 4136 885 4216 Leobwine,
908 4138 1115 4203 factionibus
1141 4140 1271 4205 dolosis
