2918 4866
355 384 423 452 226
607 403 856 454 oonrrnuxrro
879 401 1055 452 cenorum

358 562 418 644 qui
437 561 625 625 Londoniee
641 577 717 625 vni.
731 562 874 626 millium
890 580 1083 625 marcarum
1101 560 1203 625 modo
1219 580 1309 644 prae·

358 663 864 744 dictoeepitcontributionem.
900 662 1063 727 Visitatis
1074 662 1182 744 igitur
1196 662 1310 743 primo

358 764 401 829 de
416 762 655 827 Gornemutha
672 769 708 826 et
724 762 767 826 de
783 762 946 827 Norwico
963 763 1082 844 burgis
1098 771 1132 827 et
1158 763 1308 843 burgen·

359 863 466 938 sibus
482 864 703 947 acceptisque
727 882 749 926 a
767 862 1004 928 Gornemutha
1027 880 1063 926 u.
1081 863 1219 939 marcis,
1237 869 1273 927 et
1289 882 1312 927 a

360 962 524 1028 Norwico
540 963 636 1028 libris
652 963 862 1046 quingentis,
872 962 1010 1028 tandem
1028 964 1121 1046 apud
1140 962 1309 1028 Sanctum

361 1063 599 1129 Eadmundum
616 1063 815 1142 declinavit,
832 1063 891 1127 nbi
907 1064 1133 1146 burgensibus
1149 1063 1192 1127 ad
1210 1064 1310 1145 quin-

359 1173 483 1246 gentas
505 1183 638 1228 marcas
662 1164 805 1239 taxatis,
823 1164 1048 1228 servientium
1070 1165 1180 1247 ipsius
1202 1164 1310 1228 curiae

360 1266 606 1330 monachorum
622 1264 849 1340 taxationem,
864 1270 903 1328 ut
920 1283 942 1327 a
956 1265 1197 1346 burgensibus,
1215 1263 1307 1346 qnod

360 1384 535 1447 nunquam
581 1364 749 1429 hactenus
787 1364 991 1445 contigerat,
1024 1365 1163 1429 minime
1204 1371 1308 1429 taxa-

360 1473 490 1541 rentur,
520 1465 674 1550 ejusdem
706 1465 774 1531 loci
801 1465 907 1546 priori
931 1465 1128 1545 commisit;
1160 1484 1309 1547 quorum

360 1566 497 1630 taxatio
511 1565 555 1629 ad
573 1584 742 1629 summam
759 1582 866 1631 xxvn
884 1584 991 1630 marc.
1013 1564 1175 1630 accrevit.
1223 1565 1310 1630 Fra·

360 1667 506 1731 ternitas
524 1666 629 1730 etiam
651 1659 847 1730 Duodense¹
865 1666 959 1730 villae
979 1666 1014 1732 S.
1033 1666 1228 1731 Eadmundi
1247 1685 1310 1748 per

361 1765 506 1830 eundem
536 1767 683 1848 priorem
708 1766 752 1829 ad
783 1782 852 1830 x11.
880 1786 986 1831 mare.
1009 1766 1076 1831 fuit
1104 1771 1239 1844 taxata,
1264 1767 1310 1830 ab

360 1866 484 1930 abbate
501 1886 586 1930 vero
606 1874 641 1930 et
661 1872 832 1932 conventu
854 1866 889 1931 S.
905 1867 1099 1932 Eadmundi
1119 1883 1150 1931 e.
1173 1886 1310 1931 mareas

200 1977 297 2026 mene·
360 1968 425 2031 sub
455 1967 574 2031 eodem
606 1965 755 2031 extorsit
785 1967 911 2033 colore.
979 1966 1124 2031 Interim
1151 1964 1309 2044 Alienor,

199 2028 313 2168 ἷέἷεῗῖιυ,
359 2067 431 2131 filia
460 2067 588 2132 domini
618 2068 779 2151 Symonis
804 2067 846 2132 de
873 2066 1104 2144 Monte-forti,
1135 2067 1310 2149 quondam

199 2139 212 2168 ⁰
227 2157 232 2168 '
360 2167 494 2231 comitis
509 2166 717 2243 Leicestriae,
729 2173 838 2250 nupta
851 2166 1036 2244 Lewelino,
1053 2166 1198 2250 principi
1212 2167 1310 2232 wat-

360 2266 428 2344 liee,
461 2266 567 2330 liliam
608 2267 774 2349 pariendo
813 2267 1047 2350 superstitem,
1081 2267 1309 2333 Wencianam

361 2366 509 2444 nomine,
528 2367 584 2430 die
610 2366 672 2433 SS.
689 2366 850 2432 Gervasii
873 2374 908 2431 et
938 2367 1090 2432 Protesii
1118 2368 1179 2450 [19
1192 2367 1309 2448 Jun.],

361 2467 451 2530 diem
480 2467 605 2531 clausit
639 2473 845 2544 extremum,
877 2468 1083 2550 sepultaque
1124 2475 1178 2532 est
1205 2468 1312 2550 'apud

363 2565 596 2644 Landmairs,2
630 2567 665 2630 in
709 2568 811 2633 domo
843 2568 989 2632 fratrum
1021 2569 1199 2632 minorum.
1266 2567 1312 2631 In

363 2668 586 2749 expeditione
602 2669 709 2749 igitur
723 2669 937 2751 supradicta,
957 2688 1019 2732 rex
1039 2669 1133 2750 cepit
1154 2687 1216 2750 pro
1237 2668 1311 2732 sin-

362 2768 454 2848 gulis
464 2767 616 2832 ⁴servitiis
632 2767 840 2832 militaribus
865 2785 899 2833 n.
917 2788 1035 2843 mare.;
1060 2768 1176 2832 mitius
1194 2775 1312 2832 tamen

362 2886 439 2932 curn
462 2868 588 2932 abbate
611 2868 646 2933 S.
664 2868 859 2932 Eadmundi
878 2869 1024 2948 agendo,
1051 2885 1127 2933 ccc.
1151 2868 1230 2933 libr.
1247 2870 1312 2950 pro

362 2967 506 3032 servitio
538 2988 602 3032 suo
633 2969 725 3051 cepit
758 2971 801 3032 ab
832 2969 965 3033 eodem.
1029 2969 1072 3033 In
1102 2967 1172 3033 ista
1203 2969 1311 3033 etiam

363 3067 595 3150 expeditione,
608 3068 819 3145 willelmus,
835 3069 926 3133 lilius
952 3074 988 3133 ct
1011 3068 1122 3134 haeres
1142 3068 1312 3133 Willelmi

363 3168 405 3231 de
433 3168 615 3245 Valencia,
645 3169 846 3251 etquidem
874 3168 934 3233 alii
961 3188 1038 3232 cunr
1063 3188 1105 3232 eo
1132 3168 1169 3231 in
1196 3169 1313 3234 West·

363 3267 507 3346 Wallia,
523 3268 653 3332 domini
672 3268 785 3333 Lucas
800 3269 843 3333 de
859 3268 972 3351 Teny,
990 3269 1153 3350 Rogerus
1168 3268 1211 3332 de
1230 3267 1313 3332 clif-

363 3367 439 3432 sord
462 3367 595 3451 junior,
615 3369 813 3433 Willelmus
844 3368 887 3433 de
911 3368 1095 3452 Lindseye,
1112 3367 1313 3433 Willelmus

397 3548 407 3581 ¹
423 3547 569 3619 nnana]
580 3552 704 3602 'l'hiswas
712 3552 754 3602 the
761 3552 825 3602 Gild
849 3567 866 3601 a
882 3553 985 3602 smaller
1001 3555 1063 3618 size,
1080 3554 1144 3604 vvitb
1159 3555 1202 3604 the
1220 3555 1315 3619 legend

336 3643 337 3646 ¹
362 3621 436 3670 osthe
444 3622 604 3671 Translation
612 3623 641 3671 ol
646 3622 683 3672 st.
691 3623 824 3685 Nicholes,
850 3622 1033 3674 Coneeeercro
1062 3623 1235 3676 Duoue....1t
1257 3640 1314 3677 wer

362 3693 480 3754 vulgerly
503 3692 586 3741 called
613 3692 656 3741 the
684 3692 762 3742 Gildo
791 3693 823 3742 de
848 3692 983 3743 otherwise
1000 3694 1084 3744 called
1106 3694 1244 3758 Dusgilde,
1260 3695 1314 3746 und

302 3775 305 3782 ·
362 3763 460 3812 Dusae.
494 3763 519 3810 A
536 3762 625 3811 lenden
641 3763 721 3825 bulla,
738 3764 764 3810 in
781 3762 823 3813 the
848 3764 1314 3829 washoldenintbecollegentllury.

361 3833 505 3896 possession
517 3833 545 3881 of
552 3833 594 3882 tlre
606 3834 668 3883 Rev.
677 3834 713 3882 H.
723 3832 823 3882 Hasted
848 3833 896 3883 See
924 3834 1050 3897 Tymms's
1080 3835 1187 3901 History
1214 3836 1245 3886 of
1273 3837 1314 3889 St.

362 3903 391 3952 os
405 3905 477 3964 Bury
488 3903 526 3953 St.
539 3903 688 3963 Edmund’s,
706 3904 779 3952 bears
790 3919 822 3952 on
849 3903 946 3966 Mnry's
958 3905 1071 3970 Chureh,
1081 3921 1126 3968 pp.
1140 3907 1233 3958 lib-di.

361 3973 404 4022 tbe
416 3976 520 4023 obverse
531 3988 547 4022 a
558 3973 649 4022 milred
663 3973 720 4022 half
733 3975 823 4036 ligure,

361 4045 411 4094 and
423 4045 465 4094 the
481 4045 573 4107 legend
589 4044 715 4092 Srurmon
728 4043 821 4093 Grion
882 4041 892 4071 ²
907 4044 1075 4110 Murmura]
1093 4045 1224 4108 Probably
1235 4046 1314 4099 ulan·

361 4115 404 4163 Sor
417 4116 539 4176 Nrcuon,
550 4114 600 4163 end
616 4129 648 4162 on
664 4113 705 4162 the
717 4115 821 4163 obverse
847 4114 911 4175 vais,
932 4129 949 4164 e
971 4115 1050 4166 house
1073 4115 1104 4165 ol
1121 4115 1196 4166 triers
1217 4117 1314 4177 minore

360 4185 403 4234 tbe
414 4185 487 4234 letter
497 4185 519 4234 'l'
530 4186 644 4234 between
656 4184 673 4232 S
693 4185 744 4232 aud
758 4185 783 4233 N
795 4184 825 4233 ol
844 4199 905 4233 near
916 4185 1075 4236 Beuumaris.
