2918 4866
376 384 569 433 rnonunru
598 384 878 434 wreoaumnsrs,
1037 371 1103 435 123

151 564 173 608 a
189 543 322 628 majore
336 544 372 608 in
389 545 567 622 minorem,
582 545 605 610 J
608 544 676 610 uda
694 551 729 609 et
743 544 767 609 J
770 545 901 611 ouatha
914 545 1020 610 fratre
1037 565 1101 612 suo

151 645 366 709 morantibus
397 645 434 709 in
466 653 560 711 terra
592 644 741 723 Galaad,
770 665 848 709 cum
877 646 901 711 J
904 646 1034 730 osepho
1065 654 1101 711 et

151 742 283 810 Azania
310 744 454 811 forsitan
478 746 705 828 colloquendo
731 746 928 824 mussitant,
952 747 1100 811 ‘Facia-

152 863 229 909 mus
245 846 343 910 nobis
359 852 395 909 et
411 863 475 910 nos
492 866 655 928 magnum
675 865 798 910 nomen
815 846 993 929 probando
1008 847 1099 912 vires

152 945 188 1009 in
209 941 397 1023 alterum,'¹
416 965 578 1011 mucrone
602 953 636 1011 et
656 946 778 1010 lancea
800 965 838 1010 se
855 947 945 1012 inter
967 967 1005 1014 se
1023 947 1099 1011 vul·

152 1052 287 1121 nerant,
302 1045 440 1111 minime
455 1053 642 1129 pensantes
658 1047 740 1129 quid
756 1047 890 1113 miseris
907 1047 1100 1112 occisorum

151 1146 334 1212 animabus
351 1147 544 1230 proveniat.
597 1147 640 1211 In
660 1146 884 1212 rebellatione
905 1167 1102 1230 repugnan-

153 1245 239 1311 tium
251 1246 339 1328 regi,
353 1246 471 1329 plures
483 1247 645 1329 utrinque
656 1247 893 1322 vulnerantur,
905 1248 1100 1330 capiuntur,

150 1347 319 1412 custodiae
358 1347 611 1430 mancipantur.
671 1347 867 1430 Episcopus
911 1347 1099 1423 Heliensis‚
1113 1363 1238 1454 grem-or

154 1446 275 1512 videns
284 1447 449 1513 virtutem
461 1448 552 1529 regis
564 1453 600 1512 et
608 1448 775 1530 impetum
785 1447 998 1512 exercituum
1012 1446 1100 1531 ejuS,
1113 1415 1253 1504 e=l¹flllert

154 1547 232 1613 loco
254 1547 357 1623 cedit,
377 1547 482 1612 immo
500 1547 576 1612 vice
596 1548 799 1612 mercenarii
813 1546 932 1629 fugam
958 1547 1048 1624 iniit,
1066 1555 1102 1614 et

153 1648 190 1712 iu
205 1655 322 1729 partes
339 1646 565 1713 Glaoruensis
580 1648 663 1730 pagi
678 1647 865 1724 divertens,
880 1647 924 1711 ad
940 1647 1101 1712 comitem

155 1745 364 1814 Rotbertum
377 1748 529 1814 secessit.
576 1747 651 1812 Nec
667 1748 802 1825 mirum,
809 1747 884 1831 jam
898 1746 988 1811 enim
1002 1749 1102 1828 quasi

153 1867 277 1912 manus
287 1847 433 1912 dextera
443 1848 511 1912 sibi
519 1847 701 1925 ceciderat,
713 1867 791 1912 cum
803 1866 887 1911 suus
897 1847 1100 1922 avunculus,

152 1947 445 2032 Searesbyriensis
463 1949 646 2031 episcopus
665 1947 849 2029 RogeriuS,
865 1948 969 2012 morti
984 1948 1102 2012 debita

154 2046 334 2114 solverat!
378 2047 459 2112 Rex
482 2056 598 2112 autem
617 2048 783 2113 Heliense
807 2047 988 2112 castellum
1012 2048 1101 2112 obti-

154 2148 241 2224 nuit,
258 2156 294 2214 et
310 2149 346 2212 in
374 2168 415 2212 eo
434 2148 560 2213 milites
584 2167 667 2213 suos
692 2148 820 2231 posuit.
872 2148 1248 2216 Eboraceusismpmur.
1311 2180 1323 2189 κ

153 2247 432 2331 archiepiscopus
453 2248 672 2313 Thurstanus
694 2249 730 2311 in
746 2248 867 2312 ordine
884 2264 1001 2322 xxva,
1019 2269 1100 2332 pro·
1112 2218 1238 2308 lllrilti

155 2356 262 2413 vectae
276 2349 331 2414 vir
354 2347 479 2426 aetatis,
497 2356 532 2413 et
550 2349 673 2431 plenus
695 2348 838 2428 dierum,
858 2348 1017 2431 deposito
1040 2368 1099 2414 ve·

154 2455 226 2513 tere
241 2449 380 2513 homine
394 2468 520 2514 novum
536 2449 661 2526 induit,
676 2448 758 2512 dum
778 2449 982 2531 postpositis
999 2450 1102 2513 rebus

153 2549 377 2626 secularibus,
404 2548 497 2632 apud
525 2549 852 2625 Pontem-fractum,
874 2564 945 2613 xrr.
965 2547 1100 2614 kalend.

154 2648 256 2715 Febr.
273 2647 332 2732 [21
356 2649 380 2714 J
383 2650 470 2731 an.],
491 2649 731 2714 monachicum
758 2648 914 2713 habitum
938 2649 1103 2732 suscepit,

154 2756 190 2813 et
215 2769 294 2816 non.
320 2750 422 2814 Febr.
450 2751 488 2833 [5
519 2750 618 2832 Feb]
645 2750 681 2814 in
710 2749 801 2813 bona
826 2755 1006 2815 senectute
1030 2750 1103 2815 vita

153 2848 313 2927 decessit,
340 2850 535 2932 ibidemque
564 2849 727 2914 humatus
756 2848 950 2932 requiescit.
1014 2848 1101 2912 Milo
1114 2870 1257 2911 memor.

152 2950 509 3026 exconstabularius,
537 2949 662 3032 grandi
683 2949 839 3014 adunato
860 2948 1028 3025 exercitu,
1047 2967 1100 3012 se·
1114 2920 1243 3018 tituil

155 3048 269 3115 cundo
284 3048 421 3114 kalend.
439 3050 540 3116 Febr.
556 3049 615 3132 [31
626 3050 650 3115 J
653 3049 737 3130 an.],
751 3047 838 3113 feria
850 3049 983 3131 quinta,
1000 3048 1100 3112 Win·
1113 3019 1199 3117 3332}

152 3149 378 3215 celonmbiam
409 3150 554 3226 invadit,
585 3149 739 3214 maxima
770 3168 815 3213 ex
849 3156 949 3231 parte
981 3148 1101 3213 villam

154 3250 354 3326 combussit,
373 3250 526 3333 praedam
544 3250 629 3331 egit,
645 3250 813 3332 spoliatos
833 3251 948 3326 rebus,
965 3249 1008 3313 ob
1027 3248 1103 3312 exi-

155 3349 366 3438 gendamab
385 3351 447 3428 eis,
464 3351 546 3415 licet
562 3349 703 3433 injuste,
720 3349 957 3415 Mammonam
974 3347 1101 3431 iniqui·

154 3449 249 3526 tatis,
264 3469 380 3515 seeum
399 3449 558 3515 abduxit.
611 3449 828 3531 Suthlegiam
848 3450 927 3513 inde
949 3449 1217 3525 divertissem...

154 3546 304 3631 dumque
319 3549 415 3614 illam
429 3550 593 3614 invadere
610 3551 717 3631 cupit,
734 3549 822 3632 regii
842 3549 969 3613 milites
987 3549 1047 3633 qui
1065 3549 1099 3610 in
1114 3522 1200 3620 dld'ssry.

154 3649 281 3730 oppido
307 3657 406 3714 erant
425 3651 595 3726 restitere,
610 3656 646 3713 et
661 3648 760 3712 illum
784 3648 904 3730 sugere
929 3649 1103 3731 compule-

153 3757 247 3826 runt,
262 3749 374 3826 caesis,
387 3757 427 3814 ut
441 3749 559 3826 fertur,
576 3749 619 3813 de
634 3748 801 3813 militibus
816 3749 892 3832 ejus
907 3748 1054 3826 duobus,
1068 3756 1104 3813 et

154 3845 232 3913 ιιν.8
262 3849 374 3931 captis
408 3856 444 3914 et
475 3850 511 3914 iu
541 3849 734 3914 custodiam
765 3849 902 3931 positis.
955 3848 1035 3911 Rex
1068 3853 1103 3910 et

192 4061 371 4119 ¹Maccabees
394 4069 418 4119 L
438 4069 513 4132 θὼρ.
539 4083 564 4120 v·
590 4085 615 4120 v·
660 4031 686 4116 ι’
704 4034 836 4097 Solverat]
854 4036 902 4084 See
912 4031 1106 4093 GesteStepha-

641 4120 677 4166 ιιι,
688 4120 714 4165 p.
727 4109 767 4154 63.

152 4141 261 4186 55“·57·
677 4171 1106 4238 ³Duobus,etxv.]oc.,etxv.Edit.
