2918 4866
217 1055 266 1094 ntor
276 1056 298 1094 et

215 1104 321 1145 Nomen.

215 1157 261 1196 'l'he
269 1155 339 1194 cathe-

215 1207 261 1246 dral
269 1208 342 1245 bnmt.

374 361 440 428 208
625 378 872 428 cou'rrunurro
895 377 1072 429 cenorum

376 554 541 618 percussa
565 542 618 600 est
642 536 796 600 ecclesiae
824 536 929 601 turris
954 534 1155 620 principalis
1178 534 1216 598 in
1245 536 1332 598 tan··

375 642 448 699 tum
460 644 500 700 ut
513 637 729 719 tempestatis
744 636 837 701 illius
846 637 1011 702 violentia
1024 636 1179 701 nonnulli
1189 635 1326 718 lapides

377 736 488 801 evulsi
518 737 562 801 ad
587 738 664 801 loca
694 737 879 801 remotiora
902 738 1072 802 violenter
1098 744 1180 801 sunt
1208 744 1325 801 trans·

377 837 526 919 portati;
563 839 655 920 quod
681 837 819 920 quidem
853 857 921 901 non
952 838 1024 913 sine
1061 837 1220 920 prodigio
1248 836 1327 899 uni:-

378 937 487 1001 vorsis
520 945 650 1002 sanctae
683 937 803 1001 matris
841 937 995 1002 ecclesiae
1034 937 1114 1001 filiis
1152 936 1326 1019 stupendo

377 1036 458 1101 licet
481 1038 676 1120 contigisse.
728 1037 771 1100 In
800 1039 952 1102 crastino
975 1037 1065 1102 enim
1093 1037 1126 1102 S.
1144 1036 1326 1103 Laurentii

378 1138 437 1219 [ll
453 1135 578 1223 Aug.],
596 1158 685 1202 anno
711 1138 843 1215 eodem,
869 1144 949 1220 post
971 1139 1120 1202 insultus
1141 1137 1327 1204 nonnullos

376 1237 413 1300 in
443 1238 635 1319 prioratum
663 1257 896 1321 saepenumero
929 1238 1052 1314 sectos,
1085 1244 1164 1320 post
1192 1237 1326 1322 januas

378 1345 567 1402 conventus
584 1340 628 1402 ab
649 1358 767 1402 eornm
785 1338 918 1402 aemulis
933 1338 1101 1403 violenter
1116 1330 1326 1415 confractas,

377 1458 510 1502 necnon
545 1439 632 1503 alias
667 1439 813 1523 injurias
849 1456 1004 1503 enormes
1035 1437 1163 1521 saepius
1194 1437 1328 1514 illatas,

379 1539 497 1603 statim
520 1546 600 1621 post
622 1545 812 1604 conventus
835 1530 1062 1616 refectionem,
1093 1539 1138 1603 ad
1165 1545 1323 1602 sanctam

380 1647 525 1704 matrem
561 1660 661 1705 suam
695 1639 874 1704 ecclesiam
912 1645 1142 1717 accesserunt,
1169 1638 1327 1723 ejusdem

381 1747 509 1806 sanctae
523 1741 644 1805 matris
658 1740 719 1803 filii
736 1739 960 1823 spurcissimi,
972 1746 1048 1804 tota
1061 1739 1219 1805 videlicet
1234 1758 1326 1803 com-

380 1841 533 1905 munitas
555 1841 707 1907 civitatis
724 1840 890 1918 Norwici,
915 1859 1070 1916 numero,
1098 1846 1138 1904 ut
1161 1840 1326 1916 creditur,

378 1937 502 2007 Χ-Χῑῖῐ.
530 1942 766 2010 strenuissime
794 1948 1026 2017 armatornm;
1065 1941 1125 2022 qni
1151 1959 1325 2005 unacum

380 2041 532 2105 civitatis
548 2042 746 2106 mulieribus
765 2042 880 2123 ignem
901 2061 963 2125 per
980 2041 1060 2106 loca
1078 2041 1217 2107 diversa
1232 2041 1333 2123 prio·.

381 2148 478 2206 ratus
493 2150 717 2224 apponenteS,
729 2141 909 2206 ecclesiam
927 2148 1107 2225 totumque
1122 2140 1327 2223 prioratum,

379 2247 505 2322 praeter
526 2241 593 2306 tria
608 2241 663 2305 vel
678 2248 828 2324 quatuor
846 2242 990 2307 aedificia
1012 2242 1102 2306 inter
1123 2247 1249 2306 caetera
1265 2241 1328 2308 vix

380 2341 602 2418 numeranda,
628 2361 730 2424 opere
757 2349 874 2406 tamen
901 2341 1050 2425 lapideo,
1076 2341 1137 2406 sed
1166 2360 1229 2405 nec
1259 2340 1327 2405 hoc

380 2441 518 2522 penitus
557 2451 716 2525 excepto,
753 2442 788 2505 in
826 2444 957 2507 cineres
1006 2442 1215 2524 redigerunt,
1252 2460 1329 2505 mo·

379 2542 508 2605 nachos
539 2562 619 2607 vero
647 2540 718 2606 fere
750 2562 869 2607 omnes
896 2542 1072 2624 fugarunt.
1123 2542 1178 2606 De
1208 2560 1328 2609 eorum

381 2662 519 2726 quoque
540 2643 768 2708 servientibus
787 2644 930 2725 triginta
947 2643 1001 2707 vel
1017 2662 1058 2708 eo
1073 2640 1166 2705 circa
1181 2640 1330 2709 diversis

380 2742 625 2827 suppliciorum
641 2744 833 2826 generibus,
846 2751 881 2807 et
894 2743 957 2807 hos
969 2743 1003 2806 in
1013 2742 1143 2825 gremio
1158 2749 1327 2819 materno,

381 2845 457 2907 neci
473 2844 700 2909 tradiderunt.
735 2843 822 2908 Illos
838 2863 859 2908 a
874 2843 1005 2926 gremio
1017 2843 1148 2918 eodem,
1158 2849 1326 2924 tanquam

381 2963 403 3007 a
432 2945 553 3008 matris
586 2946 780 3008 abstractos
806 2945 979 3019 uberibus
1006 2951 1042 3008 et
1071 2951 1151 3006 ante
1175 2941 1331 3011 tribunal

380 3045 556 3128 proprium
587 3045 764 3122 adductos
797 3043 885 3108 nulli
922 3051 1104 3127 parcentes
1138 3043 1235 3107 aetati
1264 3048 1331 3108 aut

379 3144 505 3224 ordini,
534 3145 653 3209 eadem
682 3146 855 3210 sententia
883 3145 1144 3208 damnaverunt.
1199 3141 1331 3206 Omnia

382 3246 487 3309 etiam
513 3247 677 3328 pretiosa,
711 3251 780 3308 tam
812 3245 847 3308 in
885 3244 1111 3321 thesaurario,
1150 3242 1333 3320 vestiario,

383 3344 576 3422 refectorio,
594 3364 697 3428 quam
716 3345 820 3408 etiam
846 3345 1033 3409 incaeteris
1056 3342 1210 3409 ecclesiae
1232 3342 1327 3407 illius

382 3443 537 3522 officinis,
553 3451 589 3508 et
604 3444 759 3521 almaria,
775 3464 817 3508 ea
832 3444 990 3509 minutim
1014 3443 1269 3524 confringentes
1293 3450 1329 3513 et

382 3543 622 3626 depraedantes
651 3551 883 3627 asportarunt.
936 3544 1101 3609 Monachi
1125 3563 1218 3619 vero,
1237 3562 1331 3607 nnus

381 3651 461 3725 post
484 3643 588 3708 alium
614 3644 703 3708 clam
731 3644 913 3726 fugientes,
933 3645 994 3709 vix
1017 3645 1090 3709 vita
1114 3644 1251 3719 comite,
1274 3662 1328 3707 re··

381 3752 569 3809 cesserunt.
622 3745 824 3810 Convocato
855 3745 962 3826 igitur
992 3744 1047 3808 die
1076 3743 1331 3809 Decollationis

382 3844 417 3908 S.
434 3844 605 3909 Johannis
638 3844 808 3928 Baptistae
834 3841 893 3929 [29
924 3843 1047 3931 Aug.],
1073 3844 1167 3927 apud
1201 3844 1328 3926 Eyam,

381 3945 487 4010 totins
501 3946 727 4028 episcopatus
746 3946 905 4022 concilio,
925 3954 996 4009 tam
1020 3947 1205 4031 episcopus
1221 3962 1328 4026 quam

381 4046 561 4111 universus
582 4045 734 4129 episcopi
752 4045 863 4110 clerus
887 4045 1011 4110 ibidem
1038 4049 1271 4127 congregatus
1291 4044 1330 4109 in

382 4146 510 4211 dictum
528 4147 662 4212 facinus
678 4153 929 4228 perpetrantes,
944 4166 1062 4213 omnes
1077 4147 1181 4215 etiam
1195 4144 1331 4222 favore,
