2918 4866
356 386 549 437 smnuuvu
573 388 853 438 wrcoarunusrs.
1041 374 1086 440 63

132 547 326 613 tonicorum
343 545 449 627 Regi,
473 556 509 611 et
526 567 589 631 per
611 546 679 612 Dei
701 549 815 632 operis
838 548 987 631 gratiam
1011 548 1086 615 Ro·

134 667 314 711 manorum
337 647 547 731 Imperatori
574 647 748 731 Augusto,
769 649 918 713 salutem
940 655 982 714 et·
1000 668 1085 733 apo·

134 748 294 813 stolicam
348 747 630 812 benedictionem.
718 747 879 830 Regnum
932 757 1086 819 vestrum

135 857 265 914 sanctae
296 846 465 913 Romanae
493 848 647 913 ccclesiae
676 849 899 930 singulariter
914 849 1086 915 cohaerere

136 948 321 1032 dispositio
353 948 472 1012 divina
502 949 701 1030 constituit3
735 949 1006 1032 praedecessores
1029 963 1088 1016 ve-

137 1050 213 1126 stri,
239 1048 422 1132 probitatis
444 1068 521 1111 cum
545 1050 737 1131 prudentiae
759 1050 937 1133 amplioris
961 1052 1088 1133 gratia,

139 1148 308 1213 Romanae
328 1148 424 1212 urbis
448 1167 610 1214 coronam
641 1157 677 1214 et
703 1150 883 1234 imperium
911 1152 1086 1216 consecuti

138 1255 245 1329 sunt3
284 1249 329 1312 ad
365 1248 466 1332 cujus
499 1249 665 1315 videlicet
697 1269 833 1315 coronae
875 1258 911 1315 et
950 1252 1086 1335 imperii

137 1348 342 1431 dignitatem
355 1355 452 1412 tuam
469 1369 606 1432 quoque
629 1370 826 1433 personam,
843 1350 893 1414 fili
909 1352 1087 1416 carissime

139 1449 316 1527 Heinrice,
334 1468 397 1531 per
418 1450 528 1517 nostri
550 1449 735 1516 sacerdotii
755 1451 982 1516 ministerium
1006 1451 1086 1516 Ma-

135 1549 249 1634 jestas
275 1549 392 1615 divina
417 1551 588 1633 provexit.
642 1550 745 1614 Illam
768 1551 878 1632 igitur
907 1551 1088 1633 dignitatis

138 1650 420 1733 praerogativam,
437 1669 542 1732 quam
559 1652 831 1734 praedecessores
843 1652 952 1716 nostri
964 1652 1091 1717 vestris

140 1750 463 1834 praedecessoribus,
491 1751 670 1816 catholicis
700 1752 979 1834 imperatoribus,
1009 1771 1089 1816 con·

140 1859 330 1928 cesserunt,
359 1857 394 1916 et
417 1851 676 1934 privilegiorum
703 1852 840 1935 paginis
865 1853 1089 1917 confirmave-

140 1958 235 2027 runt,
254 1971 318 2016 nos
339 1969 478 2034 quoque
501 1951 677 2017 dilectioni
701 1959 772 2016 tuae
799 1952 1031 2029 concedimus
1056 1959 1092 2016 et

141 2052 323 2135 praesentis
336 2051 508 2134 privilegii
523 2053 651 2136 pagina
668 2053 923 2130 confirmamus,
937 2060 979 2117 ut
993 2053 1092 2134 regni
1145 2070 1148 2076 ’

141 2151 194 2216 tui
224 2153 395 2235 episcopis
416 2151 472 2216 vel
500 2153 697 2229 abbatibus
719 2152 837 2229 libere,
864 2162 992 2237 praeter
1016 2154 1090 2218 vio·

142 2252 284 2319 lentiam
309 2259 344 2316 et
366 2253 547 2317 simoniam
571 2253 966 2331 electisrinvestituram
983 2253 1092 2335 virgae

142 2360 178 2418 at
206 2353 326 2417 annuli
356 2352 537 2417 conferas:
561 2360 642 2436 post
671 2354 967 2418 investitutionem
995 2373 1090 2430 vero,

143 2452 307 2517 canonice
338 2454 628 2519 consecrationem
657 2455 808 2536 accipiat
838 2455 882 2518 ab
914 2455 1090 2537 episeopo,

143 2555 188 2618 ad
219 2573 321 2636 quem
352 2554 567 2637 pertinuerit.
630 2554 668 2618 Si
697 2556 775 2636 quis
806 2562 921 2619 autem
947 2574 969 2618 a
997 2554 1090 2631 clero

144 2662 179 2719 et
195 2653 336 2737 populo,
355 2660 484 2736 praeter
499 2660 598 2718 tuum
620 2674 811 2731 assensum,
827 2655 959 2719 clectus
974 2654 1090 2731 luerit,

145 2755 211 2819 nisi
222 2762 288 2818 ate
301 2755 522 2841 investiatur,
540 2774 563 2818 a
579 2756 712 2819 nemine
723 2763 951 2819 consecretur.
1000 2754 1091 2822 Sanc

143 2854 296 2938 episcopi
322 2855 378 2918 vel
398 2853 646 2938 archiepiscopi
674 2855 867 2919 libertatem
894 2855 1044 2920 habeant
1070 2874 1091 2917 a

144 2962 179 3020 te
216 2955 399 3020 investitos
438 2955 620 3039 episcopos
650 2956 707 3019 vel
746 2956 888 3019 abbates
927 2954 1091 3018 canonice

144 3056 381 3122 consecrandi.
433 3054 710 3121 Praedecessores
733 3055 823 3119 enim
851 3055 957 3118 vestri
982 3052 1090 3117 eccle-

143 3157 216 3220 sias
231 3157 337 3237 regni·
351 3156 406 3219 sui
428 3156 535 3220 tantis
555 3157 726 3238 regalium
748 3174 891 3220 suorum
915 3153 1090 3219 beneficiis
1127 3214 1129 3219 .

144 3257 368 3340 ampliarunt,
393 3263 432 3320 ut
458 3276 603 3337 regnum
622 3257 735 3339 ipsum
758 3258 997 3339 episcoporum
1018 3274 1090 3317 ma-

146 3357 239 3421 xima
248 3356 305 3421 val
315 3356 482 3420 abbatum
492 3356 647 3439 praediis1
662 3362 822 3439 oporteat
832 3355 1044 3432 communiri,
1057 3362 1092 3419 et

144 3458 330 3541 populares
346 3457 590 3534 dissensiones,
605 3476 685 3538 quae
703 3457 740 3519 in
759 3456 984 3521 electionibus
999 3475 1093 3537 saepe

145 3555 365 3640 contingunt,
381 3557 490 3639 regali
517 3565 677 3641 oporteat
701 3555 884 3639 majestate
906 3558 1090 3637 compesci.

141 3657 381 3736 -Quamobrem
396 3657 588 3740 prudentiae
602 3663 637 3721 at
651 3657 872 3739 potestativae
881 3676 974 3720 curae
989 3656 1094 3721 debes

147 3758 317 3823 solicitius
339 3758 588 3834 imminerent
617 3756 786 3822 Romanae
812 3755 967 3822 ecclesiae
994 3756 1093 3819 celsi·

147 3858 232 3923 tudo
266 3864 301 3923 et
329 3865 533 3923 caeterarum
563 3857 672 3934 salus,
708 3864 896 3941 praestante
930 3857 1094 3932 Domino,

146 3958 318 4024 beneficiis
348 3966 385 4023 et
413 3957 565 4023 servitiis
594 3964 825 4022 conservetur.
878 3957 915 4021 Si
941 3977 1013 4038 qua
1033 3956 1097 4037 igi-

148 4067 206 4123 tur
232 4058 468 4123 ecclesiastica
489 4057 546 4123 vel
571 4058 737 4123 secularis
760 4076 910 4140 persona
927 4056 1017 4120 banc
1034 4075 1096 4120 no·

147 4166 230 4223 strae
250 4159 483 4223 concessionis
505 4157 667 4241 paginam
692 4156 876 4222 temerario
906 4174 994 4223 ausu
1011 4175 1099 4239 ¹per-

361 4287 379 4335 .¹
394 4287 693 4351 hominatum
710 4286 836 4351 mm
