2918 4866
377 396 570 443 ruonuuru
599 396 879 445 wrconuruusrs.
1074 383 1096 444 7

145 553 368 635 archipraesul
397 555 586 639 depositus,
616 564 651 619 et
678 555 910 619 Eboracensis
937 563 1011 618 erat
1037 554 1096 618 de-

144 653 295 729 functus,
315 655 419 738 jussu
442 656 545 737 rogis,
572 657 608 719 in
628 656 763 720 octavis
789 654 1013 746 Pentecostes
1037 655 1096 736 [23

144 753 260 834 Maii]‚
273 755 446 819 abeodem
462 755 693 832 Armenfrido,
710 754 904 819 Sedunensi
919 755 1094 836 episcopo,

143 854 320 917 ordinatus
355 864 408 919 est
440 856 664 920 Walcolinus
733 855 940 919 Immincute
979 864 1093 919 autem
1106 872 1222 961 mum

142 953 331 1018 festivitate
346 954 382 1018 S.
399 955 422 1018 J
426 956 572 1020 ohannis
589 956 760 1037 Baptistae
777 955 837 1036 [24
851 956 874 1019 J
879 954 965 1035 un.],
980 975 1095 1019 comcs
1108 973 1224 1019 neumare.

145 1054 331 1130 Esbernus‚
359 1075 437 1118 cum
462 1056 574 1120 classe
595 1056 729 1139 quaein
758 1055 927 1119 Humbrae
954 1055 1095 1120 flumine

141 1153 365 1230 hiemaverat,
379 1156 645 1220 Danomarciam
665 1154 771 1234 adiit3
798 1156 859 1219 sed
875 1155 981 1219 frater
997 1174 1093 1233 saue,
1106 1169 1234 1260 fidele*

144 1272 207 1316 rex
230 1253 407 1318 Danorum
437 1255 585 1332 SuanuS,
607 1255 717 1332 illum,
735 1263 878 1337 propter
900 1256 1093 1338 pecuniam,
1175 1248 1181 1259 ’

143 1373 246 1434 quam
274 1363 396 1418 contra
419 1355 633 1419 voluntatem
659 1355 877 1418 Danoruma
900 1375 982 1437 roge
1005 1355 1094 1420 Wil-

144 1452 247 1517 lelmo
279 1464 472 1537 acceperat,
505 1455 694 1536 exlegarit.
748 1443 815 1519 Vir
836 1456 1094 1519 strenuissimus
1107 1469 1218 1560 panton

144 1552 302 1630 Edricus,
320 1563 549 1636 cognomento
567 1554 769 1632 Silvaticus,
784 1554 885 1639 cujus
901 1574 1007 1637 supra
1022 1575 1093 1619 me·
1106 1531 1260 1660 ffiffilvllh

143 1653 315 1731 minimus,
330 1674 409 1718 cum
433 1674 515 1737 rege
540 1655 717 1720 Willelmo
739 1655 952 1736 pacificatur.
1007 1654 1094 1719 Post
1204 1647 1210 1660 ’

143 1753 229 1829 haec,
242 1773 304 1817 rex
322 1756 434 1818 accito
450 1755 493 1818 de
510 1754 727 1819 Normannia
743 1754 963 1818 Landsranco
979 1753 1093 1818 Gado-
1107 1767 1253 1858 3302ng

142 1855 252 1917 mensi
283 1856 420 1932 abbate,
450 1875 575 1937 genere
606 1854 851 1936 Longobardo,
881 1855 955 1918 viro
984 1853 1093 1917 unde·
1106 1829 1261 1966 {ffif'sslffff

143 1972 279 2035 cunque
309 1955 518 2031 doctissimo,
548 1956 700 2018 omnium
739 1955 933 2018 liberalium
967 1953 1094 2018 artium
1239 1944 1245 1956 ’

143 2054 406 2136 divinarumque
429 2054 532 2118 simul
549 2074 591 2118 ao
606 2055 814 2118 secularium
832 2055 1011 2119 literarum
1028 2054 1094 2118 sci·

143 2154 239 2217 entia
263 2154 483 2236 peritissimo,
510 2155 665 2233 consiliis
691 2173 829 2236 quoque
857 2174 898 2218 ac
924 2157 1095 2236 guberna·

142 2254 237 2318 tione
252 2273 365 2317 rerum
383 2255 610 2318 mundialium
627 2274 726 2336 aeque
743 2254 1023 2336 prudentissimo,
1041 2254 1096 2318 die

146 2353 405 2435 Assumptionis
436 2354 472 2419 S.
490 2355 613 2418 Mariae
642 2355 702 2435 [15
725 2351 836 2436 Aug.]
866 2354 1097 2436 archiepisco·

90 2486 92 2490 v
145 2473 228 2536 pum
239 2456 420 2518 constituit
435 2454 707 2519 Gantwariensis
724 2454 891 2531 ecclesiae,
907 2463 942 2518 et
953 2455 990 2517 in
1002 2454 1099 2517 festi·

145 2554 255 2617 vitate
271 2553 306 2619 S.
323 2555 346 2618 J
350 2555 496 2618 ohannis
512 2554 682 2636 Baptistae
700 2554 759 2635 [24
774 2553 798 2619 J
801 2554 887 2635 un.]‚
904 2554 959 2618 die
977 2555 1099 2618 Domi-

146 2654 237 2732 nica,
267 2654 563 2736 archiepiscopum
599 2655 792 2718 consecrari
826 2654 908 2717 secit
940 2653 1100 2719 Cantwa-

145 2753 231 2818 riae.¹
284 2753 517 2819 consecratus
542 2762 595 2817 est
622 2761 739 2818 autem
765 2754 809 2816 ab
837 2754 1008 2836 episcopis
1035 2752 1099 2818 Gi-

147 2874 231 2917 sone
254 2854 439 2936 Wyllensi,
464 2862 499 2920 et
526 2873 548 2916 a
573 2854 733 2918 Waltero
760 2852 1019 2929 Hcrefordensi,
1040 2855 1100 2935 qui

147 2955 249 3018 ambo
282 2954 406 3019 Romae
439 2975 460 3019 a
500 2953 648 3018 Nicolao
692 2971 785 3035 papa
817 2952 967 3016 ordinati
1007 2959 1099 3029 sunt,

147 3054 286 3137 quando
315 3052 490 3119 Aldrcdus
522 3054 792 3134 Eboracensium
820 3051 1100 3134 archiepiscopus

146 3154 291 3236 pallium
313 3156 487 3237 suscepit3
512 3155 671 3219 vitabant
688 3154 778 3217 enim
804 3173 826 3217 a
842 3151 1024 3233 Stigando,
1040 3154 1101 3235 qui

146 3261 230 3318 tunc
265 3255 576 3338 archiepiscopatui
616 3254 843 3318 Doruberniae
880 3252 1100 3335 praesidebat,

144 3355 310 3432 ordinari,
334 3357 416 3437 quia
431 3355 530 3420 illum
555 3361 725 3419 noverant
747 3373 818 3418 non
841 3353 1006 3418 canonice
1025 3354 1101 3434 pal-

146 3454 231 3517 lium
256 3456 457 3538 suscepisse.
511 3454 748 3517 Herimannus
775 3453 879 3517 etiam
906 3454 1101 3536 episcopus,

147 3556 208 3637 qui
222 3556 297 3638 jam
312 3555 522 3636 praesulatus
539 3554 656 3618 sedem
674 3572 695 3616 a
718 3553 927 3617 scireburne
944 3560 1101 3618 transtu-

149 3654 238 3718 lerat
259 3654 501 3732 Salesberiam,
519 3674 597 3718 cum
621 3653 828 3736 quibusdam
850 3653 940 3731 aliis,
957 3653 1033 3736 ejus
1050 3654 1102 3716 iu-

148 3754 265 3818 tersuit
280 3755 545 3820 consecrationi.
600 3753 735 3817 Deinde
752 3752 992 3817 Landfrancus
1008 3753 1103 3817 Tho-

150 3874 242 3918 mam
259 3855 513 3919 Eboracensom
537 3854 755 3918 consecravit
770 3854 981 3935 episcopum.
1035 3852 1104 3916 His

187 4035 195 4066 ¹
214 4031 384 4094 Cantwarioe]
402 4032 450 4081 See
462 4033 505 4081 the
518 4031 575 4080 Life
587 4032 616 4080 of
639 4033 743 4092 works;
765 4031 829 4094 also,
851 4045 867 4080 u
889 4031 955 4093 good
977 4030 1059 4079 notice
1079 4030 1108 4078 of

150 4103 279 4151 Lanfrank
302 4103 336 4163 by
360 4103 425 4151 Milo
447 4102 564 4163 Crispus,
587 4103 613 4150 in
640 4103 692 4150 him
712 4103 738 4150 in
757 4101 948 4164 Lappenberg’s
966 4099 1063 4150 Gesch.
1080 4114 1104 4148 ν.

152 4173 313 4234 D'Achery’s
320 4173 416 4222 edition
428 4172 614 4222 ofLanr'rank's
641 4173 769 4236 Eugland,
780 4185 811 4221 11.
823 4187 868 4234 pp.
881 4175 938 4234 loa,
948 4185 1012 4232 seqq.

963 4264 1008 4311 na
