<?xml version="1.0" encoding="UTF-8"?>
<!DOCTYPE html PUBLIC "-//W3C//DTD XHTML 1.0 Transitional//EN"
    "http://www.w3.org/TR/xhtml1/DTD/xhtml1-transitional.dtd">
<html xmlns="http://www.w3.org/1999/xhtml" xml:lang="en" lang="en">
 <head>
  <title>
</title>
<meta http-equiv="Content-Type" content="text/html;charset=utf-8" />
  <meta name='ocr-system' content='tesseract 3.04.00' />
  <meta name='ocr-capabilities' content='ocr_page ocr_carea ocr_par ocr_line ocrx_word'/>
</head>
<body>
  <div class='ocr_page' id='page_1' title='image "./florentiiwigorn02florgoog_0296.png"; bbox 0 0 2918 4866; ppageno 0'>
   <div class='ocr_carea' id='block_1_1' title="bbox 379 401 1103 469">
    <p class='ocr_par' dir='ltr' id='par_1_1' title="bbox 379 401 1103 469">
     <span class='ocr_line' id='line_1_1' title="bbox 379 401 1103 469; baseline -0.001 -6"><span class='ocrx_word' id='word_1_1' title='bbox 379 414 573 464; x_wconf 79' lang='lat' dir='ltr'>rnonnnrn</span> <span class='ocrx_word' id='word_1_2' title='bbox 598 413 878 464; x_wconf 81' lang='lat' dir='ltr'>wroonnmusrs.</span> <span class='ocrx_word' id='word_1_3' title='bbox 1037 401 1103 469; x_wconf 76' lang='lat'>269</span> 
     </span>
    </p>
   </div>
   <div class='ocr_carea' id='block_1_2' title="bbox 152 571 1258 755">
    <p class='ocr_par' dir='ltr' id='par_1_2' title="bbox 152 571 1258 755">
     <span class='ocr_line' id='line_1_2' title="bbox 152 571 1101 656; baseline 0.003 -20"><span class='ocrx_word' id='word_1_4' title='bbox 152 571 304 637; x_wconf 91' lang='lat' dir='ltr'>crastino</span> <span class='ocrx_word' id='word_1_5' title='bbox 325 573 422 637; x_wconf 90' lang='lat' dir='ltr'>laute</span> <span class='ocrx_word' id='word_1_6' title='bbox 444 580 479 636; x_wconf 92' lang='lat' dir='ltr'>et</span> <span class='ocrx_word' id='word_1_7' title='bbox 501 572 639 656; x_wconf 90' lang='lat' dir='ltr'>copiose</span> <span class='ocrx_word' id='word_1_8' title='bbox 664 574 700 636; x_wconf 91' lang='lat' dir='ltr'>in</span> <span class='ocrx_word' id='word_1_9' title='bbox 726 571 861 637; x_wconf 87' lang='lat' dir='ltr'>mensa¹</span> <span class='ocrx_word' id='word_1_10' title='bbox 890 576 1101 656; x_wconf 82' lang='lat' dir='ltr'>procuravit.</span> 
     </span>
     <span class='ocr_line' id='line_1_3' title="bbox 156 671 1258 755; baseline -0.004 -20"><span class='ocrx_word' id='word_1_11' title='bbox 156 672 382 751; x_wconf 90' lang='lat' dir='ltr'>Eadwardus,</span> <span class='ocrx_word' id='word_1_12' title='bbox 408 692 471 737; x_wconf 84' lang='lat' dir='ltr'>rex</span> <span class='ocrx_word' id='word_1_13' title='bbox 499 671 648 755; x_wconf 87' lang='lat' dir='ltr'>Angliae,</span> <span class='ocrx_word' id='word_1_14' title='bbox 676 692 717 737; x_wconf 89' lang='lat' dir='ltr'>ae</span> <span class='ocrx_word' id='word_1_15' title='bbox 746 674 777 737; x_wconf 89' lang='lat' dir='ltr'>si</span> <span class='ocrx_word' id='word_1_16' title='bbox 808 673 896 737; x_wconf 89' lang='lat' dir='ltr'>alter</span> <span class='ocrx_word' id='word_1_17' title='bbox 927 675 1102 752; x_wconf 84' lang='lat' dir='ltr'>Salomon,</span> <span class='ocrx_word' id='word_1_18' title='bbox 1115 691 1258 732; x_wconf 65' lang='lat' dir='ltr'>raanan·</span> 
     </span>
    </p>
   </div>
   <div class='ocr_carea' id='block_1_3' title="bbox 156 742 1246 854">
    <p class='ocr_par' dir='ltr' id='par_1_3' title="bbox 156 742 1246 854">
     <span class='ocr_line' id='line_1_4' title="bbox 156 742 1246 854; baseline 0.006 -19"><span class='ocrx_word' id='word_1_19' title='bbox 156 773 191 835; x_wconf 92' lang='lat' dir='ltr'>in</span> <span class='ocrx_word' id='word_1_20' title='bbox 229 774 389 836; x_wconf 89' lang='lat' dir='ltr'>omnibus</span> <span class='ocrx_word' id='word_1_21' title='bbox 433 773 576 854; x_wconf 84' lang='lat' dir='ltr'>agendis</span> <span class='ocrx_word' id='word_1_22' title='bbox 613 773 686 836; x_wconf 89' lang='lat' dir='ltr'>suis</span> <span class='ocrx_word' id='word_1_23' title='bbox 725 773 893 837; x_wconf 87' lang='lat' dir='ltr'>hactenus</span> <span class='ocrx_word' id='word_1_24' title='bbox 928 781 1101 852; x_wconf 76' lang='lat' dir='ltr'>strennue,</span> <span class='ocrx_word' id='word_1_25' title='bbox 1114 742 1246 841; x_wconf 49' lang='lat' dir='ltr'>iii‘iiitsfff</span> 
     </span>
    </p>
   </div>
   <div class='ocr_carea' id='block_1_4' title="bbox 1116 843 1201 882">
    <p class='ocr_par' dir='ltr' id='par_1_4' title="bbox 1116 843 1201 882">
     <span class='ocr_line' id='line_1_5' title="bbox 1116 843 1201 882; baseline -0.024 0"><span class='ocrx_word' id='word_1_26' title='bbox 1116 843 1201 882; x_wconf 69' lang='lat' dir='ltr'>Franco.</span> 
     </span>
    </p>
   </div>
   <div class='ocr_carea' id='block_1_5' title="bbox 155 872 1261 3945">
    <p class='ocr_par' dir='ltr' id='par_1_5' title="bbox 155 872 1261 3945">
     <span class='ocr_line' id='line_1_6' title="bbox 156 872 1261 980; baseline -0.005 -46"><span class='ocrx_word' id='word_1_27' title='bbox 156 874 361 954; x_wconf 88' lang='lat' dir='ltr'>magnificus</span> <span class='ocrx_word' id='word_1_28' title='bbox 404 879 439 936; x_wconf 89' lang='lat' dir='ltr'>et</span> <span class='ocrx_word' id='word_1_29' title='bbox 482 873 666 954; x_wconf 87' lang='lat' dir='ltr'>gloriosus,</span> <span class='ocrx_word' id='word_1_30' title='bbox 709 872 914 949; x_wconf 59' lang='lat' dir='ltr'>Blauchiae,2</span> <span class='ocrx_word' id='word_1_31' title='bbox 957 889 1261 980; x_wconf 33' lang='lat' dir='ltr'>consen-inaptus·l</span> 
     </span>
     <span class='ocr_line' id='line_1_7' title="bbox 156 945 1253 1057; baseline 0.006 -22"><span class='ocrx_word' id='word_1_32' title='bbox 156 974 293 1053; x_wconf 87' lang='lat' dir='ltr'>guineae</span> <span class='ocrx_word' id='word_1_33' title='bbox 325 992 411 1049; x_wconf 84' lang='lat' dir='ltr'>suaa,</span> <span class='ocrx_word' id='word_1_34' title='bbox 448 973 576 1037; x_wconf 88' lang='lat' dir='ltr'>sororis</span> <span class='ocrx_word' id='word_1_35' title='bbox 608 971 768 1036; x_wconf 88' lang='lat' dir='ltr'>videlieet</span> <span class='ocrx_word' id='word_1_36' title='bbox 807 973 972 1057; x_wconf 83' lang='lat' dir='ltr'>Philippi,</span> <span class='ocrx_word' id='word_1_37' title='bbox 1009 975 1102 1057; x_wconf 89' lang='lat' dir='ltr'>regis</span> <span class='ocrx_word' id='word_1_38' title='bbox 1115 945 1253 1044; x_wconf 52' lang='lat' dir='ltr'>iiiiie‘ifm</span> 
     </span>
     <span class='ocr_line' id='line_1_8' title="bbox 157 1072 1100 1154; baseline 0.005 -19"><span class='ocrx_word' id='word_1_39' title='bbox 157 1073 327 1151; x_wconf 87' lang='lat' dir='ltr'>Franciae,</span> <span class='ocrx_word' id='word_1_40' title='bbox 371 1074 407 1136; x_wconf 94' lang='lat' dir='ltr'>in</span> <span class='ocrx_word' id='word_1_41' title='bbox 447 1072 598 1136; x_wconf 90' lang='lat' dir='ltr'>secundo</span> <span class='ocrx_word' id='word_1_42' title='bbox 637 1073 949 1153; x_wconf 80' lang='lat' dir='ltr'>consanguinitatis</span> <span class='ocrx_word' id='word_1_43' title='bbox 988 1076 1100 1154; x_wconf 87' lang='lat' dir='ltr'>gradu</span> 
     </span>
     <span class='ocr_line' id='line_1_9' title="bbox 156 1170 1103 1257; baseline 0.003 -23"><span class='ocrx_word' id='word_1_44' title='bbox 156 1173 221 1235; x_wconf 92' lang='lat' dir='ltr'>sibi</span> <span class='ocrx_word' id='word_1_45' title='bbox 243 1173 457 1255; x_wconf 82' lang='lat' dir='ltr'>propinquae,</span> <span class='ocrx_word' id='word_1_46' title='bbox 485 1191 601 1236; x_wconf 87' lang='lat' dir='ltr'>amore</span> <span class='ocrx_word' id='word_1_47' title='bbox 624 1170 817 1236; x_wconf 85' lang='lat' dir='ltr'>infatuatus</span> <span class='ocrx_word' id='word_1_48' title='bbox 842 1173 975 1251; x_wconf 87' lang='lat' dir='ltr'>illicito,</span> <span class='ocrx_word' id='word_1_49' title='bbox 998 1193 1103 1257; x_wconf 87' lang='lat' dir='ltr'>super</span> 
     </span>
     <span class='ocr_line' id='line_1_10' title="bbox 158 1269 1191 1339; baseline 0.006 -5"><span class='ocrx_word' id='word_1_50' title='bbox 158 1273 377 1336; x_wconf 86' lang='lat' dir='ltr'>matrimonio</span> <span class='ocrx_word' id='word_1_51' title='bbox 409 1292 488 1335; x_wconf 91' lang='lat' dir='ltr'>cum</span> <span class='ocrx_word' id='word_1_52' title='bbox 519 1272 638 1335; x_wconf 92' lang='lat' dir='ltr'>eadem</span> <span class='ocrx_word' id='word_1_53' title='bbox 678 1272 909 1337; x_wconf 87' lang='lat' dir='ltr'>contrahendo</span> <span class='ocrx_word' id='word_1_54' title='bbox 949 1273 971 1338; x_wconf 87' lang='lat' dir='ltr'>a</span> <span class='ocrx_word' id='word_1_55' title='bbox 1008 1276 1104 1339; x_wconf 91' lang='lat' dir='ltr'>curia</span> <span class='ocrx_word' id='word_1_56' title='bbox 1186 1269 1191 1279; x_wconf 83' lang='lat'>&#39;</span> 
     </span>
     <span class='ocr_line' id='line_1_11' title="bbox 158 1370 1104 1457; baseline 0.003 -21"><span class='ocrx_word' id='word_1_57' title='bbox 158 1371 321 1436; x_wconf 88' lang='lat' dir='ltr'>Romana</span> <span class='ocrx_word' id='word_1_58' title='bbox 352 1391 468 1436; x_wconf 88' lang='lat' dir='ltr'>secum</span> <span class='ocrx_word' id='word_1_59' title='bbox 501 1370 692 1454; x_wconf 87' lang='lat' dir='ltr'>dispensari</span> <span class='ocrx_word' id='word_1_60' title='bbox 728 1372 886 1454; x_wconf 87' lang='lat' dir='ltr'>petierat,</span> <span class='ocrx_word' id='word_1_61' title='bbox 925 1383 961 1437; x_wconf 85' lang='lat' dir='ltr'>et</span> <span class='ocrx_word' id='word_1_62' title='bbox 996 1375 1104 1457; x_wconf 87' lang='lat' dir='ltr'>impe-</span> 
     </span>
     <span class='ocr_line' id='line_1_12' title="bbox 159 1471 1103 1556; baseline 0.005 -22"><span class='ocrx_word' id='word_1_63' title='bbox 159 1478 323 1536; x_wconf 86' lang='lat' dir='ltr'>traverat.</span> <span class='ocrx_word' id='word_1_64' title='bbox 376 1471 486 1556; x_wconf 85' lang='lat' dir='ltr'>Cujus</span> <span class='ocrx_word' id='word_1_65' title='bbox 507 1472 557 1535; x_wconf 91' lang='lat' dir='ltr'>rei</span> <span class='ocrx_word' id='word_1_66' title='bbox 584 1471 709 1553; x_wconf 86' lang='lat' dir='ltr'>gratia,</span> <span class='ocrx_word' id='word_1_67' title='bbox 733 1492 851 1536; x_wconf 90' lang='lat' dir='ltr'>omnes</span> <span class='ocrx_word' id='word_1_68' title='bbox 880 1479 991 1537; x_wconf 87' lang='lat' dir='ltr'>terras</span> <span class='ocrx_word' id='word_1_69' title='bbox 1021 1494 1103 1539; x_wconf 87' lang='lat' dir='ltr'>suas</span> 
     </span>
     <span class='ocr_line' id='line_1_13' title="bbox 159 1569 1103 1654; baseline 0.003 -19"><span class='ocrx_word' id='word_1_70' title='bbox 159 1571 358 1654; x_wconf 88' lang='lat' dir='ltr'>Aquitaniae</span> <span class='ocrx_word' id='word_1_71' title='bbox 396 1579 432 1635; x_wconf 89' lang='lat' dir='ltr'>et</span> <span class='ocrx_word' id='word_1_72' title='bbox 464 1569 684 1648; x_wconf 88' lang='lat' dir='ltr'>Guasconiae,</span> <span class='ocrx_word' id='word_1_73' title='bbox 718 1590 797 1634; x_wconf 92' lang='lat' dir='ltr'>cum</span> <span class='ocrx_word' id='word_1_74' title='bbox 834 1572 993 1637; x_wconf 90' lang='lat' dir='ltr'>omnibus</span> <span class='ocrx_word' id='word_1_75' title='bbox 1032 1575 1103 1638; x_wconf 90' lang='lat' dir='ltr'>suis</span> 
     </span>
     <span class='ocr_line' id='line_1_14' title="bbox 159 1668 1104 1754; baseline 0.002 -19"><span class='ocrx_word' id='word_1_76' title='bbox 159 1671 384 1754; x_wconf 90' lang='lat' dir='ltr'>pertinentiis,</span> <span class='ocrx_word' id='word_1_77' title='bbox 420 1670 515 1754; x_wconf 90' lang='lat' dir='ltr'>ipsas</span> <span class='ocrx_word' id='word_1_78' title='bbox 546 1677 657 1734; x_wconf 89' lang='lat' dir='ltr'>terras</span> <span class='ocrx_word' id='word_1_79' title='bbox 688 1689 766 1734; x_wconf 91' lang='lat' dir='ltr'>cum</span> <span class='ocrx_word' id='word_1_80' title='bbox 798 1668 891 1736; x_wconf 89' lang='lat' dir='ltr'>dicta</span> <span class='ocrx_word' id='word_1_81' title='bbox 922 1672 1104 1751; x_wconf 88' lang='lat' dir='ltr'>Blanehia,</span> 
     </span>
     <span class='ocr_line' id='line_1_15' title="bbox 159 1768 1103 1854; baseline 0.002 -20"><span class='ocrx_word' id='word_1_82' title='bbox 159 1773 218 1854; x_wconf 92' lang='lat' dir='ltr'>qui</span> <span class='ocrx_word' id='word_1_83' title='bbox 234 1772 276 1836; x_wconf 92' lang='lat' dir='ltr'>de</span> <span class='ocrx_word' id='word_1_84' title='bbox 289 1792 358 1836; x_wconf 89' lang='lat' dir='ltr'>uno</span> <span class='ocrx_word' id='word_1_85' title='bbox 372 1772 408 1834; x_wconf 90' lang='lat' dir='ltr'>in</span> <span class='ocrx_word' id='word_1_86' title='bbox 422 1768 593 1847; x_wconf 83' lang='lat' dir='ltr'>liberum,³</span> <span class='ocrx_word' id='word_1_87' title='bbox 609 1777 649 1834; x_wconf 90' lang='lat' dir='ltr'>ut</span> <span class='ocrx_word' id='word_1_88' title='bbox 660 1771 834 1853; x_wconf 88' lang='lat' dir='ltr'>sperabat,</span> <span class='ocrx_word' id='word_1_89' title='bbox 848 1773 1103 1837; x_wconf 83' lang='lat' dir='ltr'>matrimonium</span> 
     </span>
     <span class='ocr_line' id='line_1_16' title="bbox 157 1870 1103 1954; baseline 0.003 -21"><span class='ocrx_word' id='word_1_90' title='bbox 157 1879 372 1954; x_wconf 91' lang='lat' dir='ltr'>recepturus,</span> <span class='ocrx_word' id='word_1_91' title='bbox 401 1871 474 1953; x_wconf 89' lang='lat' dir='ltr'>regi</span> <span class='ocrx_word' id='word_1_92' title='bbox 503 1870 672 1946; x_wconf 87' lang='lat' dir='ltr'>Franciae,</span> <span class='ocrx_word' id='word_1_93' title='bbox 703 1872 852 1953; x_wconf 88' lang='lat' dir='ltr'>propriae</span> <span class='ocrx_word' id='word_1_94' title='bbox 880 1881 954 1937; x_wconf 90' lang='lat' dir='ltr'>tum</span> <span class='ocrx_word' id='word_1_95' title='bbox 981 1873 1103 1937; x_wconf 90' lang='lat' dir='ltr'>volun·</span> 
     </span>
     <span class='ocr_line' id='line_1_17' title="bbox 158 1970 1102 2055; baseline 0.003 -22"><span class='ocrx_word' id='word_1_96' title='bbox 158 1971 242 2034; x_wconf 86' lang='lat' dir='ltr'>tatis</span> <span class='ocrx_word' id='word_1_97' title='bbox 267 1971 393 2035; x_wconf 89' lang='lat' dir='ltr'>ductus</span> <span class='ocrx_word' id='word_1_98' title='bbox 418 1971 571 2047; x_wconf 88' lang='lat' dir='ltr'>arbitrio,</span> <span class='ocrx_word' id='word_1_99' title='bbox 598 1979 633 2033; x_wconf 89' lang='lat' dir='ltr'>et</span> <span class='ocrx_word' id='word_1_100' title='bbox 658 1970 789 2052; x_wconf 92' lang='lat' dir='ltr'>absque</span> <span class='ocrx_word' id='word_1_101' title='bbox 811 1971 928 2055; x_wconf 93' lang='lat' dir='ltr'>aliquo</span> <span class='ocrx_word' id='word_1_102' title='bbox 954 1972 1102 2036; x_wconf 90' lang='lat' dir='ltr'>fidelium</span> 
     </span>
     <span class='ocr_line' id='line_1_18' title="bbox 158 2069 1105 2152; baseline 0.005 -20"><span class='ocrx_word' id='word_1_103' title='bbox 158 2089 299 2134; x_wconf 90' lang='lat' dir='ltr'>suorum</span> <span class='ocrx_word' id='word_1_104' title='bbox 327 2070 482 2146; x_wconf 88' lang='lat' dir='ltr'>consilio,</span> <span class='ocrx_word' id='word_1_105' title='bbox 510 2069 692 2134; x_wconf 91' lang='lat' dir='ltr'>bonafide</span> <span class='ocrx_word' id='word_1_106' title='bbox 717 2070 915 2152; x_wconf 86' lang='lat' dir='ltr'>resignavit.</span> <span class='ocrx_word' id='word_1_107' title='bbox 968 2072 1015 2136; x_wconf 89' lang='lat' dir='ltr'>Et</span> <span class='ocrx_word' id='word_1_108' title='bbox 1040 2072 1105 2137; x_wconf 87' lang='lat' dir='ltr'>suit</span> 
     </span>
     <span class='ocr_line' id='line_1_19' title="bbox 159 2169 1104 2253; baseline 0.003 -21"><span class='ocrx_word' id='word_1_109' title='bbox 159 2170 252 2234; x_wconf 86' lang='lat' dir='ltr'>faeta</span> <span class='ocrx_word' id='word_1_110' title='bbox 269 2171 338 2234; x_wconf 87' lang='lat' dir='ltr'>ista</span> <span class='ocrx_word' id='word_1_111' title='bbox 359 2170 599 2252; x_wconf 81' lang='lat' dir='ltr'>resignationis</span> <span class='ocrx_word' id='word_1_112' title='bbox 623 2169 741 2233; x_wconf 88' lang='lat' dir='ltr'>littera</span> <span class='ocrx_word' id='word_1_113' title='bbox 761 2171 852 2253; x_wconf 89' lang='lat' dir='ltr'>apud</span> <span class='ocrx_word' id='word_1_114' title='bbox 874 2171 910 2234; x_wconf 92' lang='lat' dir='ltr'>S.</span> <span class='ocrx_word' id='word_1_115' title='bbox 929 2171 1104 2236; x_wconf 89' lang='lat' dir='ltr'>Eadmun·</span> 
     </span>
     <span class='ocr_line' id='line_1_20' title="bbox 157 2269 1106 2356; baseline 0.005 -25"><span class='ocrx_word' id='word_1_116' title='bbox 157 2269 250 2347; x_wconf 91' lang='lat' dir='ltr'>dum,</span> <span class='ocrx_word' id='word_1_117' title='bbox 271 2291 351 2352; x_wconf 86' lang='lat' dir='ltr'>rege</span> <span class='ocrx_word' id='word_1_118' title='bbox 373 2279 455 2335; x_wconf 89' lang='lat' dir='ltr'>tunc</span> <span class='ocrx_word' id='word_1_119' title='bbox 477 2269 601 2334; x_wconf 90' lang='lat' dir='ltr'>ibidem</span> <span class='ocrx_word' id='word_1_120' title='bbox 624 2269 807 2347; x_wconf 85' lang='lat' dir='ltr'>existente,</span> <span class='ocrx_word' id='word_1_121' title='bbox 832 2271 1106 2356; x_wconf 89' lang='lat' dir='ltr'>cancellarioque</span> 
     </span>
     <span class='ocr_line' id='line_1_21' title="bbox 159 2369 1107 2453; baseline 0 -22"><span class='ocrx_word' id='word_1_122' title='bbox 159 2369 201 2432; x_wconf 93' lang='lat' dir='ltr'>ad</span> <span class='ocrx_word' id='word_1_123' title='bbox 225 2369 290 2433; x_wconf 88' lang='lat' dir='ltr'>hoc</span> <span class='ocrx_word' id='word_1_124' title='bbox 318 2377 392 2434; x_wconf 90' lang='lat' dir='ltr'>tum</span> <span class='ocrx_word' id='word_1_125' title='bbox 414 2390 493 2432; x_wconf 87' lang='lat' dir='ltr'>cum</span> <span class='ocrx_word' id='word_1_126' title='bbox 515 2369 630 2450; x_wconf 87' lang='lat' dir='ltr'>sigillo</span> <span class='ocrx_word' id='word_1_127' title='bbox 655 2389 677 2434; x_wconf 90' lang='lat' dir='ltr'>a</span> <span class='ocrx_word' id='word_1_128' title='bbox 700 2369 879 2435; x_wconf 88' lang='lat' dir='ltr'>Loudonia</span> <span class='ocrx_word' id='word_1_129' title='bbox 905 2391 927 2435; x_wconf 92' lang='lat' dir='ltr'>a</span> <span class='ocrx_word' id='word_1_130' title='bbox 948 2392 1030 2453; x_wconf 88' lang='lat' dir='ltr'>rege</span> <span class='ocrx_word' id='word_1_131' title='bbox 1044 2392 1107 2438; x_wconf 65' lang='lat' dir='ltr'>vo-</span> 
     </span>
     <span class='ocr_line' id='line_1_22' title="bbox 158 2467 1107 2553; baseline 0.005 -22"><span class='ocrx_word' id='word_1_132' title='bbox 158 2475 237 2533; x_wconf 88' lang='lat' dir='ltr'>cato</span> <span class='ocrx_word' id='word_1_133' title='bbox 270 2471 305 2533; x_wconf 93' lang='lat' dir='ltr'>in</span> <span class='ocrx_word' id='word_1_134' title='bbox 339 2469 614 2550; x_wconf 87' lang='lat' dir='ltr'>Quadragesima</span> <span class='ocrx_word' id='word_1_135' title='bbox 647 2467 685 2553; x_wconf 86' lang='lat'>[3</span> <span class='ocrx_word' id='word_1_136' title='bbox 715 2468 834 2551; x_wconf 89' lang='lat' dir='ltr'>Mar.].</span> <span class='ocrx_word' id='word_1_137' title='bbox 886 2469 1045 2536; x_wconf 88' lang='lat' dir='ltr'>Accessit</span> <span class='ocrx_word' id='word_1_138' title='bbox 1072 2479 1107 2536; x_wconf 92' lang='lat' dir='ltr'>et</span> 
     </span>
     <span class='ocr_line' id='line_1_23' title="bbox 160 2568 1106 2654; baseline 0.004 -23"><span class='ocrx_word' id='word_1_139' title='bbox 160 2569 241 2646; x_wconf 90' lang='lat' dir='ltr'>alia,</span> <span class='ocrx_word' id='word_1_140' title='bbox 261 2568 367 2654; x_wconf 84' lang='lat' dir='ltr'>juxta</span> <span class='ocrx_word' id='word_1_141' title='bbox 397 2569 614 2652; x_wconf 87' lang='lat' dir='ltr'>quorundam</span> <span class='ocrx_word' id='word_1_142' title='bbox 637 2570 874 2647; x_wconf 87' lang='lat' dir='ltr'>assertionem,</span> <span class='ocrx_word' id='word_1_143' title='bbox 902 2570 1106 2652; x_wconf 88' lang='lat' dir='ltr'>privationis</span> 
     </span>
     <span class='ocr_line' id='line_1_24' title="bbox 159 2669 1107 2752; baseline 0.003 -21"><span class='ocrx_word' id='word_1_144' title='bbox 159 2675 329 2733; x_wconf 89' lang='lat' dir='ltr'>terrarum</span> <span class='ocrx_word' id='word_1_145' title='bbox 366 2669 642 2752; x_wconf 87' lang='lat' dir='ltr'>supradictarum</span> <span class='ocrx_word' id='word_1_146' title='bbox 677 2670 824 2734; x_wconf 88' lang='lat' dir='ltr'>occasio.</span> <span class='ocrx_word' id='word_1_147' title='bbox 892 2669 980 2733; x_wconf 85' lang='lat' dir='ltr'>Cum</span> <span class='ocrx_word' id='word_1_148' title='bbox 1017 2672 1107 2734; x_wconf 89' lang='lat' dir='ltr'>enim</span> 
     </span>
     <span class='ocr_line' id='line_1_25' title="bbox 161 2769 1106 2852; baseline 0.006 -23"><span class='ocrx_word' id='word_1_149' title='bbox 161 2787 223 2831; x_wconf 85' lang='lat' dir='ltr'>rex</span> <span class='ocrx_word' id='word_1_150' title='bbox 253 2769 448 2851; x_wconf 88' lang='lat' dir='ltr'>Anglorum</span> <span class='ocrx_word' id='word_1_151' title='bbox 477 2771 572 2852; x_wconf 87' lang='lat' dir='ltr'>ipsas</span> <span class='ocrx_word' id='word_1_152' title='bbox 602 2776 714 2833; x_wconf 88' lang='lat' dir='ltr'>terras</span> <span class='ocrx_word' id='word_1_153' title='bbox 746 2770 789 2833; x_wconf 94' lang='lat' dir='ltr'>de</span> <span class='ocrx_word' id='word_1_154' title='bbox 819 2789 901 2850; x_wconf 89' lang='lat' dir='ltr'>rege</span> <span class='ocrx_word' id='word_1_155' title='bbox 934 2770 1106 2849; x_wconf 86' lang='lat' dir='ltr'>Franciae,</span> 
     </span>
     <span class='ocr_line' id='line_1_26' title="bbox 162 2868 1107 2952; baseline 0.004 -22"><span class='ocrx_word' id='word_1_156' title='bbox 162 2873 326 2950; x_wconf 90' lang='lat' dir='ltr'>tanquam</span> <span class='ocrx_word' id='word_1_157' title='bbox 352 2870 395 2933; x_wconf 91' lang='lat' dir='ltr'>de</span> <span class='ocrx_word' id='word_1_158' title='bbox 419 2869 556 2934; x_wconf 90' lang='lat' dir='ltr'>domino</span> <span class='ocrx_word' id='word_1_159' title='bbox 580 2868 734 2952; x_wconf 87' lang='lat' dir='ltr'>capitali,</span> <span class='ocrx_word' id='word_1_160' title='bbox 757 2889 820 2950; x_wconf 91' lang='lat' dir='ltr'>pro</span> <span class='ocrx_word' id='word_1_161' title='bbox 843 2876 938 2933; x_wconf 88' lang='lat' dir='ltr'>certo</span> <span class='ocrx_word' id='word_1_162' title='bbox 964 2871 1107 2935; x_wconf 86' lang='lat' dir='ltr'>servitio</span> 
     </span>
     <span class='ocr_line' id='line_1_27' title="bbox 155 2967 1108 3052; baseline 0.005 -23"><span class='ocrx_word' id='word_1_163' title='bbox 155 2967 227 3031; x_wconf 83' lang='lat' dir='ltr'>sibi</span> <span class='ocrx_word' id='word_1_164' title='bbox 248 2968 405 3032; x_wconf 87' lang='lat' dir='ltr'>faciendo</span> <span class='ocrx_word' id='word_1_165' title='bbox 429 2976 570 3044; x_wconf 86' lang='lat' dir='ltr'>teneret,</span> <span class='ocrx_word' id='word_1_166' title='bbox 588 2976 622 3032; x_wconf 90' lang='lat' dir='ltr'>et</span> <span class='ocrx_word' id='word_1_167' title='bbox 644 2967 688 3032; x_wconf 88' lang='lat' dir='ltr'>ad</span> <span class='ocrx_word' id='word_1_168' title='bbox 711 2968 906 3032; x_wconf 84' lang='lat' dir='ltr'>faciendum</span> <span class='ocrx_word' id='word_1_169' title='bbox 929 2969 1020 3051; x_wconf 91' lang='lat' dir='ltr'>quod</span> <span class='ocrx_word' id='word_1_170' title='bbox 1045 2989 1108 3052; x_wconf 89' lang='lat' dir='ltr'>pro</span> 
     </span>
     <span class='ocr_line' id='line_1_28' title="bbox 160 3067 1107 3152; baseline 0.006 -25"><span class='ocrx_word' id='word_1_171' title='bbox 160 3067 246 3148; x_wconf 89' lang='lat' dir='ltr'>ipsis</span> <span class='ocrx_word' id='word_1_172' title='bbox 262 3067 361 3131; x_wconf 88' lang='lat' dir='ltr'>terris</span> <span class='ocrx_word' id='word_1_173' title='bbox 386 3068 428 3131; x_wconf 91' lang='lat' dir='ltr'>de</span> <span class='ocrx_word' id='word_1_174' title='bbox 446 3069 526 3152; x_wconf 89' lang='lat' dir='ltr'>jure</span> <span class='ocrx_word' id='word_1_175' title='bbox 552 3068 694 3149; x_wconf 90' lang='lat' dir='ltr'>antiquo</span> <span class='ocrx_word' id='word_1_176' title='bbox 718 3068 832 3132; x_wconf 82' lang='lat' dir='ltr'>facere</span> <span class='ocrx_word' id='word_1_177' title='bbox 855 3070 1047 3146; x_wconf 86' lang='lat' dir='ltr'>tenebatur,</span> <span class='ocrx_word' id='word_1_178' title='bbox 1063 3070 1107 3133; x_wconf 92' lang='lat' dir='ltr'>ad</span> 
     </span>
     <span class='ocr_line' id='line_1_29' title="bbox 160 3167 1106 3249; baseline 0.004 -21"><span class='ocrx_word' id='word_1_179' title='bbox 160 3167 291 3230; x_wconf 91' lang='lat' dir='ltr'>curiam</span> <span class='ocrx_word' id='word_1_180' title='bbox 320 3168 479 3231; x_wconf 86' lang='lat' dir='ltr'>Franciae</span> <span class='ocrx_word' id='word_1_181' title='bbox 509 3186 603 3249; x_wconf 88' lang='lat' dir='ltr'>saepe</span> <span class='ocrx_word' id='word_1_182' title='bbox 636 3167 764 3249; x_wconf 90' lang='lat' dir='ltr'>saepius</span> <span class='ocrx_word' id='word_1_183' title='bbox 794 3168 917 3232; x_wconf 85' lang='lat' dir='ltr'>fuisset</span> <span class='ocrx_word' id='word_1_184' title='bbox 948 3177 1106 3248; x_wconf 60' lang='lat' dir='ltr'>vocatus</span> 
     </span>
     <span class='ocr_line' id='line_1_30' title="bbox 157 3266 1107 3351; baseline 0.006 -23"><span class='ocrx_word' id='word_1_185' title='bbox 157 3286 225 3330; x_wconf 84' lang='lat' dir='ltr'>nec</span> <span class='ocrx_word' id='word_1_186' title='bbox 250 3286 371 3349; x_wconf 89' lang='lat' dir='ltr'>perse</span> <span class='ocrx_word' id='word_1_187' title='bbox 394 3287 457 3330; x_wconf 89' lang='lat' dir='ltr'>nec</span> <span class='ocrx_word' id='word_1_188' title='bbox 482 3285 544 3348; x_wconf 90' lang='lat' dir='ltr'>per</span> <span class='ocrx_word' id='word_1_189' title='bbox 570 3266 719 3346; x_wconf 90' lang='lat' dir='ltr'>aliquem</span> <span class='ocrx_word' id='word_1_190' title='bbox 745 3266 851 3331; x_wconf 92' lang='lat' dir='ltr'>alium</span> <span class='ocrx_word' id='word_1_191' title='bbox 874 3271 1107 3351; x_wconf 89' lang='lat' dir='ltr'>responsalem</span> 
     </span>
     <span class='ocr_line' id='line_1_31' title="bbox 156 3364 1107 3452; baseline 0.008 -25"><span class='ocrx_word' id='word_1_192' title='bbox 156 3365 394 3441; x_wconf 85' lang='lat' dir='ltr'>sufficientem,</span> <span class='ocrx_word' id='word_1_193' title='bbox 429 3373 469 3430; x_wconf 92' lang='lat' dir='ltr'>ut</span> <span class='ocrx_word' id='word_1_194' title='bbox 500 3365 702 3431; x_wconf 90' lang='lat' dir='ltr'>asserebant</span> <span class='ocrx_word' id='word_1_195' title='bbox 745 3364 881 3444; x_wconf 90' lang='lat' dir='ltr'>Franci,</span> <span class='ocrx_word' id='word_1_196' title='bbox 921 3369 1107 3452; x_wconf 87' lang='lat' dir='ltr'>aliquando</span> 
     </span>
     <span class='ocr_line' id='line_1_32' title="bbox 160 3466 1107 3548; baseline 0.007 -20"><span class='ocrx_word' id='word_1_197' title='bbox 160 3467 429 3548; x_wconf 81' lang='lat' dir='ltr'>comparuisset3</span> <span class='ocrx_word' id='word_1_198' title='bbox 454 3466 592 3530; x_wconf 88' lang='lat' dir='ltr'>tandem</span> <span class='ocrx_word' id='word_1_199' title='bbox 611 3466 729 3531; x_wconf 89' lang='lat' dir='ltr'>habito</span> <span class='ocrx_word' id='word_1_200' title='bbox 751 3467 847 3548; x_wconf 89' lang='lat' dir='ltr'>prius</span> <span class='ocrx_word' id='word_1_201' title='bbox 866 3474 902 3531; x_wconf 88' lang='lat' dir='ltr'>et</span> <span class='ocrx_word' id='word_1_202' title='bbox 918 3467 1107 3535; x_wconf 86' lang='lat' dir='ltr'>deliberato</span> 
     </span>
     <span class='ocr_line' id='line_1_33' title="bbox 160 3563 1108 3654; baseline 0.005 -27"><span class='ocrx_word' id='word_1_203' title='bbox 160 3563 314 3647; x_wconf 88' lang='lat' dir='ltr'>legitimo</span> <span class='ocrx_word' id='word_1_204' title='bbox 341 3586 505 3648; x_wconf 89' lang='lat' dir='ltr'>processu</span> <span class='ocrx_word' id='word_1_205' title='bbox 527 3583 631 3648; x_wconf 87' lang='lat' dir='ltr'>super</span> <span class='ocrx_word' id='word_1_206' title='bbox 656 3565 796 3647; x_wconf 84' lang='lat' dir='ltr'>negotio</span> <span class='ocrx_word' id='word_1_207' title='bbox 822 3575 1024 3648; x_wconf 90' lang='lat' dir='ltr'>memorato,</span> <span class='ocrx_word' id='word_1_208' title='bbox 1046 3589 1108 3654; x_wconf 89' lang='lat' dir='ltr'>per</span> 
     </span>
     <span class='ocr_line' id='line_1_34' title="bbox 161 3664 1107 3751; baseline 0.006 -24"><span class='ocrx_word' id='word_1_209' title='bbox 161 3666 269 3728; x_wconf 89' lang='lat' dir='ltr'>totius</span> <span class='ocrx_word' id='word_1_210' title='bbox 306 3666 409 3730; x_wconf 88' lang='lat' dir='ltr'>curiae</span> <span class='ocrx_word' id='word_1_211' title='bbox 459 3665 617 3729; x_wconf 85' lang='lat' dir='ltr'>Franciae</span> <span class='ocrx_word' id='word_1_212' title='bbox 661 3664 982 3744; x_wconf 89' lang='lat' dir='ltr'>considerationem,</span> <span class='ocrx_word' id='word_1_213' title='bbox 1028 3678 1107 3751; x_wconf 90' lang='lat' dir='ltr'>post</span> 
     </span>
     <span class='ocr_line' id='line_1_35' title="bbox 160 3762 1109 3849; baseline 0.007 -23"><span class='ocrx_word' id='word_1_214' title='bbox 160 3763 298 3828; x_wconf 90' lang='lat' dir='ltr'>Pascha</span> <span class='ocrx_word' id='word_1_215' title='bbox 322 3762 381 3849; x_wconf 84' lang='lat'>[18</span> <span class='ocrx_word' id='word_1_216' title='bbox 396 3763 512 3847; x_wconf 87' lang='lat' dir='ltr'>Apr.],</span> <span class='ocrx_word' id='word_1_217' title='bbox 541 3763 698 3840; x_wconf 89' lang='lat' dir='ltr'>Parisiis,</span> <span class='ocrx_word' id='word_1_218' title='bbox 728 3771 894 3845; x_wconf 84' lang='lat' dir='ltr'>tanquam</span> <span class='ocrx_word' id='word_1_219' title='bbox 921 3774 1109 3833; x_wconf 80' lang='lat' dir='ltr'>contumax</span> 
     </span>
     <span class='ocr_line' id='line_1_36' title="bbox 158 3861 1110 3945; baseline 0.004 -19"><span class='ocrx_word' id='word_1_220' title='bbox 158 3870 196 3927; x_wconf 87' lang='lat' dir='ltr'>et</span> <span class='ocrx_word' id='word_1_221' title='bbox 220 3863 371 3941; x_wconf 88' lang='lat' dir='ltr'>rebellis,</span> <span class='ocrx_word' id='word_1_222' title='bbox 394 3884 458 3928; x_wconf 87' lang='lat' dir='ltr'>rex</span> <span class='ocrx_word' id='word_1_223' title='bbox 478 3861 630 3945; x_wconf 85' lang='lat' dir='ltr'>Angliae,</span> <span class='ocrx_word' id='word_1_224' title='bbox 655 3883 718 3945; x_wconf 90' lang='lat' dir='ltr'>pro</span> <span class='ocrx_word' id='word_1_225' title='bbox 746 3882 784 3925; x_wconf 92' lang='lat' dir='ltr'>se</span> <span class='ocrx_word' id='word_1_226' title='bbox 804 3869 840 3926; x_wconf 93' lang='lat' dir='ltr'>et</span> <span class='ocrx_word' id='word_1_227' title='bbox 861 3863 1067 3942; x_wconf 90' lang='lat' dir='ltr'>haeredibus,</span> <span class='ocrx_word' id='word_1_228' title='bbox 1087 3886 1110 3930; x_wconf 94' lang='lat' dir='ltr'>a</span> 
     </span>
    </p>
   </div>
   <div class='ocr_carea' id='block_1_6' title="bbox 158 4049 1109 4251">
    <p class='ocr_par' dir='ltr' id='par_1_6' title="bbox 158 4049 1109 4251">
     <span class='ocr_line' id='line_1_37' title="bbox 196 4049 585 4112; baseline 0 -16"><span class='ocrx_word' id='word_1_229' title='bbox 196 4050 202 4079; x_wconf 90' lang='lat'><strong>¹</strong></span> <span class='ocrx_word' id='word_1_230' title='bbox 221 4050 253 4096; x_wconf 81' lang='lat' dir='ltr'>In</span> <span class='ocrx_word' id='word_1_231' title='bbox 263 4049 365 4112; x_wconf 74' lang='lat' dir='ltr'>mertem]</span> <span class='ocrx_word' id='word_1_232' title='bbox 385 4049 443 4098; x_wconf 88' lang='lat' dir='ltr'>MS.</span> <span class='ocrx_word' id='word_1_233' title='bbox 456 4050 585 4097; x_wconf 87' lang='lat' dir='ltr'>immensa.</span> 
     </span>
     <span class='ocr_line' id='line_1_38' title="bbox 195 4114 1109 4184; baseline 0.004 -17"><span class='ocrx_word' id='word_1_234' title='bbox 195 4114 379 4184; x_wconf 71' lang='grc' dir='ltr'>2ΒὶαπσΙιὶιε.]</span> <span class='ocrx_word' id='word_1_235' title='bbox 416 4120 458 4166; x_wconf 92' lang='lat' dir='ltr'>An</span> <span class='ocrx_word' id='word_1_236' title='bbox 486 4133 555 4166; x_wconf 89' lang='lat' dir='ltr'>error</span> <span class='ocrx_word' id='word_1_237' title='bbox 583 4118 622 4166; x_wconf 80' lang='lat' dir='ltr'>ior</span> <span class='ocrx_word' id='word_1_238' title='bbox 683 4114 764 4174; x_wconf 78' lang='lat' dir='ltr'>³Qai</span> <span class='ocrx_word' id='word_1_239' title='bbox 777 4155 783 4169; x_wconf 93' lang='lat'>.</span> <span class='ocrx_word' id='word_1_240' title='bbox 797 4156 803 4168; x_wconf 93' lang='lat'>.</span> <span class='ocrx_word' id='word_1_241' title='bbox 818 4157 824 4169; x_wconf 90' lang='lat'>.</span> <span class='ocrx_word' id='word_1_242' title='bbox 840 4118 981 4183; x_wconf 82' lang='lat' dir='ltr'>.liberum.]</span> <span class='ocrx_word' id='word_1_243' title='bbox 999 4120 1041 4170; x_wconf 90' lang='lat' dir='ltr'>Sic</span> <span class='ocrx_word' id='word_1_244' title='bbox 1051 4121 1109 4171; x_wconf 82' lang='lat' dir='ltr'>MS.</span> 
     </span>
     <span class='ocr_line' id='line_1_39' title="bbox 158 4189 330 4251; baseline 0.017 -15"><span class='ocrx_word' id='word_1_245' title='bbox 158 4189 330 4251; x_wconf 78' lang='lat' dir='ltr'>Margaretaet</span> 
     </span>
    </p>
   </div>
   <div class='ocr_carea' id='block_1_7' title="bbox 0 0 1474 4866">
    <p class='ocr_par' dir='ltr' id='par_1_7' title="bbox 0 0 1474 4866">
     <span class='ocr_line' id='line_1_40' title="bbox 0 0 1474 4866; baseline 0 0"><span class='ocrx_word' id='word_1_246' title='bbox 0 0 1474 4866; x_wconf 95' lang='lat' dir='ltr'> </span> 
     </span>
    </p>
   </div>
  </div>
 </body>
</html>
