2918 4866
373 381 438 449 118
622 393 872 445 courrunrrro
895 393 1071 443 ouaoruor

374 561 489 620 terant
514 554 710 636 capiuntur,
730 551 883 624 universi
908 551 1001 633 capti
1023 549 1170 616 vinculis
1195 556 1230 616 et
1252 557 1324 615 tor·

374 656 499 719 mentis
513 654 753 737 mancipantur
777 651 967 728 horrendis,
984 670 1164 734 poenarum
1179 649 1325 716 diversi·

374 762 465 820 tates
497 755 570 819 sive
599 753 805 818 acerbitates
835 751 1077 835 exquiruntur,
1107 751 1324 833 militumque

374 863 524 922 catervae
558 854 602 920 ad
632 854 697 919 hoc
729 872 818 936 opus
854 851 1055 936 perditionis
1083 851 1324 933 exequendum

374 957 601 1038 undecunque
626 953 877 1030 conducuntur,
899 952 1025 1035 quibus
1051 951 1087 1018 in
1117 951 1326 1035 stipendium

307 1097 309 1101 -
374 1054 500 1120 dantur
513 1062 549 1119 et
565 1053 762 1120 venduntur
777 1054 933 1119 vicorum
950 1059 985 1118 et
1000 1053 1161 1118 villarum
1175 1051 1325 1118 cultores

373 1164 480 1238 atque
514 1155 726 1224 habitatores
754 1173 833 1219 cum
861 1154 963 1221 rebus
989 1153 1061 1219 suis
1089 1152 1259 1219 universis
1282 1170 1326 1216 ac

374 1255 589 1322 substantiis.
636 1253 801 1318 Consedit
816 1254 935 1336 itaque
952 1253 998 1319 ibi
1014 1252 1154 1318 domina
1168 1251 1229 1316 illa
1244 1250 1324 1334 plus

373 1354 508 1424 duobus
535 1355 721 1432 mensibus,
749 1373 888 1420 sumens
914 1355 958 1419 ab
984 1353 1142 1418 omnibus
1162 1351 1326 1429 hominia,

373 1463 410 1520 et
434 1475 497 1539 pro
513 1456 611 1520 libito
627 1474 691 1522 suo
709 1453 895 1536 disponens
910 1451 1105 1536 Anglorum
1121 1453 1218 1533 regni
1230 1452 1324 1536 jura.

212 1576 319 1619 Mathtlda
376 1555 463 1625 Inde
475 1556 653 1623 discedens
662 1574 779 1623 mense
791 1547 1052 1631 Octob.,xv111.¹
1064 1551 1134 1619 kal.
1148 1552 1319 1619 Novemb.

211 1631 345 1720 bibliae.
377 1657 437 1738 [15
454 1655 562 1742 Oct.],
581 1655 860 1724 Glocestrensem
878 1653 974 1719 venit
989 1654 1033 1719 ad
1047 1654 1178 1730 urbem,
1194 1653 1322 1720 civium

376 1762 412 1820 et
434 1755 754 1840 circumjacentium
783 1754 862 1818 binc
888 1754 967 1823 inde
991 1753 1110 1822 finium
1135 1752 1325 1836 expediens

376 1855 563 1928 dominium
578 1863 613 1920 et
628 1873 766 1923 sumens
781 1852 982 1919 hominium.
1036 1853 1116 1921 Hoc
1128 1872 1210 1920 vero
1222 1871 1326 1934 agere

376 1955 583 2031 nolentibus,
609 1955 669 2019 sed
696 1954 770 2035 regi
797 1953 913 2037 potius
944 1953 1144 2022 fidelitatem
1173 1952 1328 2020 custodi·

376 2056 527 2134 entibus,
550 2055 704 2121 Deciana
720 2055 794 2119 sive
810 2053 1012 2122 Neroniana
1036 2054 1229 2119 inferuntur
1254 2060 1327 2119 tor-

376 2161 493 2219 menta
507 2175 586 2221 cum
604 2154 749 2221 diversis
768 2154 956 2224 mortibus:
987 2154 1094 2235 fitque
1115 2155 1210 2230 urbs,
1233 2159 1326 2219 retro

377 2255 548 2322 anteactis
563 2255 688 2321 seculis
704 2254 867 2336 gloriosa,
878 2253 1070 2322 ululatibus
1081 2254 1232 2336 dirisque
1250 2272 1328 2319 cru·

377 2354 525 2423 ciatibus
556 2354 671 2436 plena,
698 2354 839 2436 suisque
864 2354 1118 2421 habitatoribus
1143 2354 1328 2420 horrenda.

214 2478 312 2539 sapra-
378 2453 448 2524 His
470 2454 521 2519 ita
550 2474 588 2521 se
616 2454 857 2524 miserabiliter
885 2451 1116 2530 habentibus,2
1145 2453 1328 2536 Walinga-

213 2531 353 2627 li'aliffinn
377 2553 536 2619 ferdense
564 2555 744 2621 castellum
776 2554 842 2619 sibi
873 2555 1059 2621 adversum
1088 2573 1152 2619 rex
1181 2555 1327 2621 obsedit.

214 2629 365 2730 ilffylssm*
379 2654 578 2725 Obsidionis
598 2654 741 2725 diutinae
761 2661 940 2737 pertaesus,
965 2653 1192 2723 anticastellis
1209 2662 1330 2722 extru-

378 2756 444 2825 etis
486 2756 566 2825 inde
609 2754 796 2837 profectus,
837 2761 1104 2824 castrametatus
1143 2763 1197 2820 est
1235 2755 1328 2838 apud

380 2855 674 2939 Malmesbyriam,
692 2855 751 2918 ubi
772 2855 808 2918 in
831 2853 1059 2933 adversarios,
1076 2855 1111 2919 id
1127 2861 1193 2932 est,
1207 2855 1243 2920 in
1260 2854 1330 2921 dis·

378 2955 505 3020 cordiae
522 2955 697 3039 operarios
714 2954 835 3018 eadem
845 2962 1009 3036 operatus
1024 2961 1089 3021 est.
1141 2954 1238 3020 Inter
1254 2956 1329 3023 haec

379 3054 492 3120 flebile
513 3055 671 3122 nuntium
689 3054 837 3137 percutit
859 3073 961 3118 aures
978 3054 1105 3119 civium
1122 3054 1330 3138 Wigornen·

378 3155 480 3225 sium.
532 3155 663 3220 Crebra
686 3154 782 3222 volat
804 3154 909 3231 fama,
924 3153 1129 3236 Wigornam
1151 3155 1329 3221 civitatem

379 3255 423 3323 ab
437 3253 595 3319 hostibus
610 3255 647 3318 in
669 3254 827 3336 proximo
846 3254 1108 3331 devastandam,
1131 3256 1232 3321 rebus
1250 3274 1330 3338 spo·

378 3353 542 3431 liandam,
573 3354 653 3434 igne
690 3354 968 3424 comburendam.
1021 3354 1124 3420 Talia
1153 3354 1331 3422 audientes

378 3460 550 3516 terrentur
564 3453 657 3519 cives
674 3453 945 3536 Wigornenses3
969 3453 1052 3536 quid
1070 3453 1163 3521 sacto
1178 3473 1265 3538 opus
1285 3455 1332 3520 sit

379 3553 573 3623 consulunt.
626 3552 706 3631 Quo
728 3554 847 3623 habito
868 3553 1023 3631 consilio,
1044 3553 1089 3619 ad
1115 3554 1184 3623 Dei
1206 3555 1331 3620 summi

381 3651 511 3729 Patris,
527 3659 563 3719 et
588 3652 633 3716 ad
658 3653 868 3723 beatissimae
896 3672 969 3723 suae
998 3653 1174 3736 genitricis
1194 3655 1330 3738 asylum

378 3750 527 3816 miseriae
561 3753 777 3834 confugiunt,
811 3760 848 3817 et
874 3754 940 3817 sub
969 3754 1163 3836 patrocinio
1196 3753 1332 3823 confes·

378 3869 496 3916 sorum
522 3852 634 3919 sancti
649 3852 804 3919 Oswaldi
824 3859 859 3918 et
882 3853 976 3920 beati
992 3853 1159 3929 wlstani,
1180 3854 1332 3921 civitatis

378 3950 533 4033 ejusdem
550 3952 748 4034 praesulum,
763 3971 801 4021 se
816 3959 852 4017 et
863 3971 928 4015 sna
943 3952 1069 4020 divinae
1081 3953 1219 4021 tuitioni
1237 3973 1332 4019 com·

416 4111 423 4140 ¹
442 4113 531 4176 xv111.]
550 4114 647 4163 Should
670 4114 792 4176 probably
808 4115 840 4163 be
903 4111 987 4163 'Jom
1006 4130 1060 4163 cero
1169 4115 1335 4182 lubentibus]

378 4195 440 4232 xvir.
866 4183 931 4235 Add.
944 4185 1004 4237 edit.
1014 4187 1043 4236 c.
1054 4185 1122 4237 cuit.
