2918 4866
425 404 618 454 rnonurrru
644 401 923 452 wrconurunsrs.
1084 380 1151 451 209

198 561 341 627 auxilio
360 566 422 628 aut
455 564 600 629 consilio
629 562 758 627 eisdem
792 557 1062 638 consentientes,
1086 569 1149 625 aut
1204 640 1208 645 Ι

197 671 376 727 contractu
397 665 640 746 qualicumque
657 682 736 726 cum
764 663 815 725 eis
839 659 1147 739 communicantes,

198 763 347 844 pulsatis
361 766 549 847 campanis
566 762 722 828 accensis
735 760 934 840 luminariis,
943 762 1148 825 seutentiam

197 863 711 946 excommunicationis‘publice
725 868 760 926 et
772 860 970 925 solemniter
981 862 1146 926 tulerunt.

201 959 290 1039 Quae
305 962 445 1045 quidem
466 964 647 1039 sententia,
663 961 782 1025 habito
807 960 994 1024 Londoniae
1015 961 1148 1043 episco-

200 1081 324 1143 porum
339 1061 477 1144 Angliae
494 1064 651 1139 concilio,
664 1062 719 1125 die
736 1060 771 1124 S.
791 1060 897 1125 Lucae
912 1059 972 1143 [18
990 1059 1087 1142 Oct]
1104 1062 1148 1125 ab

201 1162 254 1225 eis
277 1171 445 1226 renovata
462 1169 526 1240 est,
549 1169 585 1226 et
607 1161 832 1235 confirmata;
857 1161 901 1224 ad
924 1158 1024 1244 cujus
1047 1179 1147 1224 enor·
1160 1175 1269 1265 nepus

198 1261 333 1325 mitatis
356 1263 479 1326 scelus
492 1262 528 1325 in
549 1261 863 1341 transgressoribus
887 1254 1148 1338 refundendum,
1161 1235 1269 1350 ir⁰o⁶iw1⁰m

199 1368 315 1425 motus
338 1361 496 1426 dominus
522 1382 585 1425 rex
609 1379 728 1426 versus
754 1367 870 1443 partes
894 1359 1149 1438 Norwicenses,

200 1460 256 1524 die
266 1461 441 1543 S.AEgidii
451 1462 488 1543 [l
500 1461 614 1544 Sept.]
626 1460 719 1544 apud
728 1460 892 1524 Sanctum
908 1458 1148 1524 Eadmuudum

202 1561 368 1641 accessit3
413 1561 607 1644 ibidemque
644 1579 749 1643 super
786 1559 926 1641 negotio
959 1568 1150 1625 memorato
1188 1566 1198 1591 ²

200 1661 430 1726 consulendos
458 1662 638 1726 universos
672 1661 779 1724 totius
815 1658 954 1740 Angliae
991 1679 1150 1742 proceres

201 1761 341 1825 vocavit
355 1769 390 1825 et
405 1769 598 1842 magnates.
645 1759 747 1823 Mora
757 1760 865 1841 igitur
880 1758 1003 1822 ibidem
1017 1779 1080 1842 per
1095 1776 1149 1825 xr.

202 1858 276 1924 dies
307 1861 411 1939 sacta,
443 1861 500 1925 die
537 1861 741 1930 Sanctorum
777 1857 901 1922 Protbi
931 1866 965 1923 et
998 1860 1150 1924 lacincti

201 1958 261 2041 [ll
293 1960 405 2043 Sept.]
439 1980 559 2025 versus
589 1959 803 2035 Norwicum,
831 1978 895 2041 pro
922 1958 1076 2023 vindicta
1108 1960 1150 2024 de

203 2064 301 2123 tanto
316 2060 445 2124 scelere
460 2060 641 2143 capienda,
655 2059 721 2123 iter
736 2059 894 2141 arripuit.
932 2056 1002 2136 Qui
1018 2078 1148 2123 moram
1164 2066 1308 2160 mmet

202 2157 328 2223 ibidem
353 2180 415 2243 per
435 2159 508 2224 dies
527 2176 610 2223 xrn.
634 2158 776 2236 faciens,
797 2159 959 2222 vindictae
982 2158 1025 2222 de
1051 2166 1150 2224 tanto
1164 2171 1246 2211 noan.

203 2258 332 2323 scelere
363 2260 522 2342 quamvis
551 2278 620 2322 non
648 2257 692 2321 ad
723 2258 863 2341 plenum
895 2258 1060 2322 faciendae
1087 2254 1151 2322 ali·

202 2359 408 2438 quantulum
428 2359 591 2432 indulsit,
616 2358 759 2439 triginta
780 2376 929 2439 namque
950 2356 986 2422 et
1002 2366 1153 2439 quatuor

203 2458 280 2535 viri,
307 2478 446 2540 unaque
474 2459 597 2522 mulier
622 2457 664 2521 de
689 2464 789 2521 tanta
816 2457 1048 2532 multitudiue,
1073 2459 1152 2525 reli·

204 2577 349 2638 quorum
369 2559 553 2640 marsupiis
570 2578 592 2622 a
608 2557 795 2621 curialibus
814 2556 994 2632 emunctis,
1013 2557 1152 2638 quidam

203 2657 341 2738 quidem
379 2677 441 2740 per
478 2658 574 2721 vicos
614 2656 768 2720 civitatis
806 2655 975 2732 distracti,
1013 2657 1153 2737 quidam

204 2757 373 2839 suspensi,
386 2757 527 2838 quidam
541 2756 724 2833 combusti,
741 2755 897 2819 nonnulli
913 2756 1017 2818 etiam
1035 2775 1153 2819 eorum

203 2856 417 2936 singularum
429 2874 612 2940 poenarum
628 2857 783 2938 ipsarum
799 2854 957 2919 mulctati
972 2856 1153 2937 supplicio,

204 2974 326 3037 poenas
340 2957 479 3021 luerunt
493 2953 720 3020 caeterorum.¹
1029 2960 1031 2965 '

255 3054 480 3120 Eadmuudus
505 3056 547 3119 de
576 3055 793 3132 Alamannia,
817 3074 931 3119 comes
955 3055 1153 3133 Cornubiee,

204 3153 306 3218 duxit
322 3155 359 3217 in
375 3175 521 3219 uxorem
537 3155 785 3236 Margaretam,
802 3174 952 3218 sororem
972 3154 1151 3231 Gileberti,

204 3253 340 3318 comitis
377 3253 587 3331 Gloveruiae,
625 3255 661 3317 in
700 3255 851 3318 crastino
883 3253 1020 3318 Sanctae
1057 3254 1153 3318 Fidis

204 3353 242 3434 [6
257 3352 368 3433 Oct.],
383 3355 444 3436 qui
467 3373 630 3419 unacum
660 3352 816 3418 Henrico
837 3354 880 3418 de
904 3354 1013 3436 Lacy,
1028 3355 1154 3418 comite

205 3451 448 3530 Lincolniensi,
472 3453 527 3518 die
550 3453 806 3518 Translationis
829 3454 865 3518 S.
883 3454 1066 3519 Eadwardi
1093 3454 1154 3536 [13

203 3550 314 3634 Oct.],
331 3554 507 3617 accinctos
529 3560 583 3617 est
605 3552 821 3617 militaribus.
873 3551 986 3618 Adam
1011 3555 1053 3619 de
1070 3553 1151 3618 chi·
1165 3563 1281 3656 sslfffflss,

236 3703 245 3734 ¹
264 3706 434 3769 Ceterorum]
457 3707 544 3756 Trivet
560 3706 664 3757 informs
688 3707 782 3757 dictam
799 3708 987 3757 malefactorum
1005 3709 1075 3757 misit
1090 3708 1152 3761 illuc

200 3775 298 3826 usllrat
313 3775 448 3826 bisfatber
464 3791 520 3826 was
530 3776 573 3826 the
585 3778 664 3838 justi·
684 3778 853 3839 justitiarium
880 3777 985 3827 militem
1016 3778 1151 3842 quendam,

201 3847 272 3907 clary
282 3846 417 3908 employed
433 3861 464 3896 on
476 3847 527 3896 this
538 3848 663 3897 occasion.
689 3847 809 3896 'rhomam
826 3847 934 3896 'l'revetb
951 3849 1058 3908 dictum,
1068 3848 1114 3908 qui
1126 3852 1152 3896 et

203 3915 348 3979 According
358 3921 384 3965 to
393 3916 456 3979 him,
467 3917 488 3965 it
497 3916 584 3966 would
596 3931 663 3966 seem
685 3917 842 3979 justitiarius
856 3917 955 3967 itineris
971 3917 1055 3966 fuerat
1065 3918 1097 3966 de
1109 3933 1151 3966 co-

200 3985 257 4033 tbat
269 3985 359 4046 Heury
368 3987 510 4047 proceeded
525 4001 558 4034 no
568 3985 665 4034 further
688 4001 759 4048 rona,
769 3989 843 4050 quus
859 3987 1004 4050 filiuserat,
1021 3988 1065 4048 qui
1080 3987 1153 4034 obro-

202 4055 264 4103 tbau
286 4056 367 4116 Bury.
413 4056 464 4106 His
491 4057 576 4105 words
604 4071 664 4104 are:
688 4053 1154 4120 nicamistamseripsit,'p.27ll,edit.

200 4125 302 4186 ‘Super
324 4140 376 4186 qua
398 4141 425 4174 re
448 4126 596 4188 indignatus
618 4127 664 4174 ad·
688 4126 719 4177 E.
729 4127 765 4176 H.
775 4127 802 4176 S.

201 4195 304 4243 modum
325 4210 371 4244 rex
393 4196 532 4259 Henrious,
553 4196 586 4245 ad
611 4196 662 4244 vin·

252 4309 337 4360 ΤΟΜ.
357 4310 393 4359 11.
985 4313 1004 4357 Ρ
