2918 4866
373 355 417 418 74
619 372 867 420 courruuarro
891 371 1065 419 canorum

220 544 280 583 an·
291 545 347 583 11²⁰·
426 526 598 591 Radulfus
640 528 917 611 archiepiscopus
957 524 1237 603 cantuariensis,
1280 542 1318 590 11.

211 609 339 699 iiiiii?
374 647 484 691 nonas
509 628 669 693 lanuarii
693 629 730 711 [4
756 628 778 693 J
782 629 868 710 an.],
894 629 981 692 feria
1007 628 1128 710 prima,
1153 624 1319 708 Angliam

212 711 363 764 b¹¹¹Y=m¹¹¹¹¹⁸¹
376 729 569 805 revertitur,
581 736 616 792 et
629 745 668 793 11.
679 747 789 792 nonas
804 728 933 810 Aprilis
949 729 987 811 [4
1004 726 1121 811 Apr.],
1136 727 1320 791 Dominica

212 844 346 933 3⁰⁰&ss
376 828 441 906 die,
459 828 550 911 apud
566 828 911 894 westmonasterium
933 829 1149 894 consecravit
1174 827 1209 892 in
1233 847 1319 910 pon·

212 903 280 1034 3302'01
346 903 358 933 ⁹
376 929 543 1011 tificatum
556 928 1320 1013 Bangornensisecclesiaequendamclericum

231 1004 302 1043 ⁸⁰⁸⁰*
375 1029 621 1106 venerandum,
643 1031 759 1096 David
781 1031 928 1109 nomine,
949 1030 1096 1094 electum
1118 1049 1140 1093 a
1166 1028 1321 1112 principe

376 1127 532 1208 Griffino,
548 1129 640 1195 clero
655 1139 690 1195 et
707 1131 835 1214 populo
855 1129 1003 1205 Waliae;
1029 1129 1128 1214 cujus
1144 1147 1321 1194 consecra·

377 1229 461 1293 tioni
499 1231 695 1308 interfuere,
729 1231 903 1296 Ricardus
933 1230 1117 1314 episcopus
1147 1228 1320 1294 Lnndoni-

376 1329 480 1407 ensis,
502 1330 693 1396 Rotbertus
719 1330 982 1408 Lincolniensis,
1005 1331 1166 1412 Rogerus
1193 1329 1322 1394 Sacros·

377 1430 557 1512 byriensis,
584 1431 746 1496 Urbanus
776 1430 1086 1514 Glemorgatensis.
1140 1430 1220 1494 Rex
1249 1430 1320 1494 An·

378 1530 514 1613 giorum
539 1531 734 1612 Heinricus‚
753 1534 911 1598 omnibus
934 1551 1096 1615 prospere
1119 1539 1155 1596 et
1171 1531 1216 1595 ad
1231 1531 1322 1595 velle

214 1645 261 1684 ra.
269 1644 352 1694 princes
378 1632 540 1714 peractis,
556 1652 578 1697 a
604 1633 819 1697 Normannia
840 1633 876 1697 in
899 1631 1065 1714 Angliam
1086 1632 1195 1710 redit3
1219 1651 1321 1715 quem

215 1694 359 1785 wrm
380 1731 576 1798 Willelmus
597 1734 688 1797 filius
709 1733 786 1817 ejus
813 1734 912 1816 sequi
938 1733 1102 1814 gestiens,
1124 1751 1249 1796 navem
1271 1733 1321 1796 in-

215 1795 361 1946 ἓξὲξ.
378 1833 545 1914 graditur,
569 1835 711 1916 copiosa
737 1833 914 1911 nobilium,
942 1834 1101 1911 militum,
1124 1852 1321 1915 puerorum,

379 1953 420 1998 ac
435 1933 653 1998 foeminarum
668 1933 887 1998 multitudine
903 1935 1100 1999 comitatus.
1153 1932 1203 1996 Hi
1218 1942 1321 2014 portu

378 2034 484 2097 maris
497 2034 620 2111 evecti,
637 2035 792 2116 miraque
814 2033 905 2098 aeris
926 2035 1112 2100 serenitate
1130 2032 1210 2097 —l'reti
1237 2033 1323 2097 freto

377 2133 506 2216 illapsi,
528 2134 564 2197 in
589 2135 723 2198 modico
752 2135 852 2199 navis
876 2154 947 2218 qua
968 2134 1179 2200 vehebantur
1202 2153 1323 2217 rupem

378 2233 556 2298 incurrens
582 2254 703 2301 eversa
733 2241 799 2312 est,
821 2243 858 2300 et
879 2254 997 2300 omnes
1023 2235 1145 2318 quiin
1171 2254 1213 2298 ea
1238 2235 1323 2298 resi·

379 2333 519 2410 debant,
533 2342 679 2418 excepto
690 2336 820 2400 rustico
832 2355 912 2413 uno,
927 2343 963 2400 et
978 2337 1067 2418 ipso,
1082 2342 1122 2399 ut
1136 2334 1322 2414 ferebatur,

380 2454 443 2498 nec
471 2436 608 2499 nomine
636 2435 754 2517 digno,
780 2435 841 2517 qui
867 2436 955 2500 mira
986 2436 1053 2501 Dei
1084 2435 1197 2517 gratia
1224 2436 1324 2501 vivus

378 2534 501 2612 evasit,
518 2536 659 2601 marinis
675 2534 836 2600 fiuctibus
851 2544 932 2601 sunt
949 2535 1114 2619 absorpti.
1166 2534 1324 2613 Quorum

377 2636 582 2699 nobilissimi
598 2636 736 2701 fuerunt
751 2637 799 2713 hi,
814 2636 1011 2702 Willelmus
1034 2638 1124 2719 regis
1141 2635 1243 2713 filins,
1262 2637 1325 2701 Ri-

378 2736 503 2801 cardus
529 2737 637 2802 frater
661 2737 749 2823 ejus
774 2737 946 2803 Ricardus
977 2756 1091 2802 eomes
1120 2735 1324 2815 cestrensis

380 2835 523 2902 Otthuel
538 2838 645 2903 frater
653 2837 741 2922 ejus,
752 2837 950 2904 Willelmus
964 2835 1103 2919 Bigod,¹
1116 2836 1325 2902 Gausfridns

380 2938 519 3015 Riddel,
539 2939 716 3004 Walterus
743 2939 786 3003 de
815 2938 951 3016 Everci,
977 2937 1184 3003 Gausfridus
1211 2937 1325 3002 Here-

379 3038 548 3105 fordensis
571 3040 845 3117 archidiaconus,
867 3038 939 3104 filia
965 3039 1057 3120 regis
1082 3039 1260 3103 comitissa
1280 3040 1324 3103 de

379 3137 535 3216 Perceio,
552 3141 665 3223 neptis
680 3142 770 3222 regis
793 3139 970 3204 comitissa
984 3140 1028 3203 de
1049 3139 1198 3216 cestria,
1214 3146 1250 3203 et
1266 3139 1326 3204 alii

379 3239 636 3320 quamplurimi,
654 3259 742 3322 quos
765 3241 947 3304 brevitatis
968 3259 1075 3304 causa
1097 3239 1326 3323 praeterimus.

381 3337 470 3415 Quae
485 3359 541 3403 res
556 3345 591 3403 et
605 3339 709 3420 regis,
720 3358 887 3421 prospero
900 3340 1041 3422 navigio
1053 3339 1218 3422 Angliam
1229 3341 1325 3404 veni-

380 3438 481 3515 entis,
496 3447 532 3505 et
553 3439 706 3503 omnium
726 3440 787 3523 qui
805 3438 991 3505 audiebant
1012 3448 1144 3505 mentes
1158 3441 1327 3504 exterruit

380 3543 485 3619 atque
500 3540 665 3615 turbavit,
682 3546 718 3603 et
733 3539 776 3604 de
791 3539 936 3605 occultis
946 3539 1036 3624 justi
1051 3541 1119 3607 Dei
1129 3539 1273 3626 judiciis
1290 3541 1326 3604 in

380 3637 640 3705 admirationem
657 3637 855 3705 concussit.2

430 3738 511 3804 Rex
545 3739 739 3822 Anglorum
779 3740 968 3806 Heinricus
1011 3741 1134 3824 legalis
1173 3741 1327 3826 conjugii

414 4031 421 4060 ¹
444 4035 581 4085 Willetneu
591 4028 697 4104 sigua]
718 4035 748 4085 C.
760 4033 828 4084 aab.
861 4033 913 4084 this
929 4034 1040 4087 massar
1054 4034 1081 4082 in
1099 4033 1285 4098 Malmesbury,
1301 4049 1328 4099 p.

863 4108 929 4165 6533
951 4105 1045 4155 Order.
1057 4104 1136 4153 vital.
1155 4119 1182 4166 p.
1200 4107 1259 4162 867,
1275 4120 1326 4168 ομ

412 4172 423 4205 ²
442 4175 589 4240 Concussit]
608 4176 656 4226 See
663 4175 706 4225 the
714 4175 807 4226 details
813 4175 842 4226 ol
864 4175 976 4240 Simeon,
984 4175 1034 4226 und
1045 4175 1180 4238 Heroden,
1191 4189 1215 4226 a.
1228 4178 1302 4225 lm.
