2918 4866
224 2690 308 2731 statute

223 2742 351 2830 midila

223 2801 341 2882 lcdtltresses.

223 3491 308 3530 Arrlval
315 3492 340 3531 oi

223 3541 335 3582 Methlldn.

378 394 442 459 116
633 408 881 456 conrmunrro
904 408 1078 456 crinorum

379 583 438 629 sus
467 563 696 629 Lundoniam.
749 563 895 628 Minime
923 570 1104 646 parcentes
1129 560 1332 627 execrandae

380 664 524 742 militiae,
555 663 734 746 arroganti
756 665 963 728 strenuitate
993 663 1232 746 compellente,
1254 662 1332 745 qui·

380 766 458 830 dam
477 764 622 828 militum
639 764 822 828 condixere
840 766 932 848 apud
946 764 1132 828 Ludelawe
1149 763 1238 827 vires
1254 780 1333 845 pro-

381 868 473 929 bare.
527 864 571 927 In
603 864 667 928 hoc
694 883 781 946 opus
808 865 1066 948 perficiendum,
1089 884 1158 928 non
1179 863 1333 926 modicus

382 965 556 1030 exercitus
587 965 734 1028 militum
762 965 937 1029 confluere
966 965 1083 1048 coepit.
1137 963 1230 1029 Vere
1256 969 1333 1031 erat

383 1065 521 1130 miseria
539 1064 668 1141 videre,
678 1066 759 1128 dum
775 1066 852 1147 quis
868 1066 904 1128 in
919 1065 1024 1128 alium
1042 1064 1176 1129 hastam
1193 1064 1334 1128 vibrans

384 1166 507 1230 lancea
537 1163 740 1247 perforaret,
771 1172 817 1243 et,
847 1165 1009 1247 ignorans
1042 1164 1134 1247 quod
1164 1163 1333 1248 judicium

386 1267 529 1349 spiritus
546 1265 686 1341 subiret,
703 1266 806 1330 morti
830 1265 993 1329 traderet.
1045 1264 1096 1329 At
1116 1285 1180 1328 rex
1203 1262 1334 1345 Anglo-

385 1387 460 1429 rum
484 1365 680 1449 Stephanus
702 1364 787 1429 talia
806 1364 986 1430 molientes
1008 1365 1108 1428 minis
1134 1364 1284 1440 territat,
1300 1370 1336 1427 et

386 1465 572 1531 Ludelawe
604 1485 666 1548 per
695 1463 911 1547 Wigorniam
942 1466 1056 1530 denuo
1085 1465 1270 1540 divertenS,
1300 1463 1336 1526 in

385 1567 482 1649 pacis
513 1565 737 1631 contubernio
770 1566 886 1630 omnia
917 1567 1028 1643 sedat,
1056 1572 1091 1629 et
1121 1568 1157 1629 in
1188 1563 1334 1647 pacifica

385 1666 569 1730 alacritate
598 1665 878 1743 Oxenefordiam,
905 1666 938 1728 id
968 1674 1021 1730 est
1047 1666 1159 1729 Boum
1180 1664 1334 1739 Vadam,

386 1767 485 1849 petit.
524 1765 605 1844 Quo
622 1765 703 1830 dum
717 1774 922 1842 moraretur,
931 1766 1093 1847 exigente
1110 1764 1334 1829 dissensionis

386 1885 505 1942 causa,
529 1866 719 1948 Rogerium
752 1866 1050 1949 Saresbyriensem
1079 1865 1276 1949 praesulem,
1300 1872 1336 1929 et

386 1973 546 2049 nepotem
564 1966 640 2049 ejus
658 1966 909 2030 Lincoliensem
925 1960 1125 2042 antistitem,
1142 1965 1333 2046 Rogerium

386 2086 536 2148 quoque,
552 2085 652 2129 suum
673 2066 929 2142 cancellarium,
945 2066 1046 2149 quasi
1069 2067 1174 2148 regiae
1197 2083 1335 2130 coronae

386 2167 616 2240 insidiatores,
629 2167 732 2248 cepit,
748 2176 783 2230 et
800 2167 967 2231 custodiae
978 2167 1201 2249 mancipavit.
1254 2164 1335 2243 Quo

386 2266 539 2347 cognito,
563 2265 709 2330 Eliensis
728 2267 856 2350 praesul
878 2266 1050 2348 NigelluS,
1067 2268 1191 2331 timens
1213 2265 1336 2329 sibiet

387 2366 471 2442 suiS,
486 2384 589 2429 manu
612 2365 751 2429 militari
777 2368 820 2430 ad
843 2366 985 2431 Divisas
1006 2366 1108 2448 fugit,
1124 2373 1164 2431 ut
1185 2367 1232 2430 ibi
1254 2384 1335 2448 pro·

388 2472 574 2546 tegeretur,
612 2485 757 2548 quorum
789 2486 896 2531 causa
923 2467 1063 2550 seriptis
1094 2466 1253 2549 superius
1283 2472 1337 2529 est

387 2565 493 2629 latius
519 2566 713 2649 propalata,
741 2587 820 2649 quae
849 2574 964 2631 tamen
988 2567 1054 2631 hoc
1078 2586 1169 2631 anno
1199 2572 1336 2631 constat

387 2662 558 2730 actitata.¹
599 2666 734 2732 Habito
750 2668 971 2751 postmodum
987 2668 1146 2743 concilio,
1162 2673 1334 2731 statutum

389 2772 442 2829 est
457 2773 497 2830 ut
513 2767 628 2830 omnia
642 2787 704 2849 per
719 2766 883 2849 Angliam
898 2768 1037 2850 oppida,
1056 2767 1212 2843 castella,
1224 2767 1336 2829 muni·

388 2865 499 2931 tiones
517 2886 676 2949 quaeque,
694 2869 730 2930 in
757 2869 883 2950 quibus
910 2868 1079 2932 secularia
1101 2867 1215 2931 solent
1236 2886 1336 2930 exer·

387 2965 457 3029 ceri
496 2968 647 3048 negotia,
679 2969 770 3049 regis
804 2975 839 3032 et
878 2969 1046 3032 baronum
1090 2987 1230 3032 suorum
1263 2966 1336 3050 juri

388 3065 533 3146 cedant3
557 3068 783 3132 ecclesiastici
797 3088 880 3133 vero
897 3068 976 3145 viri,
993 3067 1153 3132 videlicet
1173 3066 1335 3150 episcopi,

388 3183 493 3230 canes
518 3167 659 3249 inquam
685 3168 805 3246 divini,
824 3169 860 3231 in
883 3169 1031 3232 salutem
1054 3175 1090 3233 et
1110 3169 1147 3231 in
1166 3167 1338 3232 defensio-

388 3284 465 3328 nem
483 3267 597 3330 ovium
616 3287 756 3331 suarum
781 3269 908 3333 latrare
924 3289 993 3333 non
1011 3274 1158 3346 cessent,
1174 3288 1217 3331 ne
1233 3266 1338 3350 lupus

387 3364 581 3444 invisibilis,
621 3368 793 3449 malignus
834 3369 965 3433 scilicet
1000 3368 1122 3444 hostis,
1158 3368 1273 3450 rapiat
1302 3374 1339 3431 et

387 3464 564 3548 dispergat
587 3487 683 3545 oves,
700 3470 839 3534 omnino
862 3466 1037 3534 caveant.⁸
1089 3468 1211 3532 Mense
1230 3467 1336 3532 Octo·

387 3565 439 3627 bri
461 3584 576 3629 comes
596 3566 839 3647 Glaocestriae,
855 3569 1016 3634 Heinrici
1043 3569 1218 3651 quondam
1243 3566 1337 3648 regis

387 3662 581 3746 Anglorum
608 3667 712 3746 filius,
728 3670 788 3733 sed
810 3670 1008 3746 bastardus,
1027 3688 1105 3732 oum
1126 3687 1245 3732 sorore
1261 3687 1338 3744 sua,

386 3764 447 3827 sed
471 3785 516 3828 ex
544 3774 653 3846 patre,
679 3769 808 3832 dudum
836 3769 1076 3833 Romanorum
1108 3768 1340 3851 imperatrice,

385 3884 476 3928 nunc
491 3864 738 3949 Andegavensi
752 3870 941 3947 comitissa,
955 3888 1032 3933 cum
1045 3869 1170 3951 grandi
1182 3870 1340 3933 exercitu
1395 3949 1404 3963 ι

421 4095 427 4125 ¹
448 4100 556 4155 Quorum
569 4135 593 4150 ..
607 4102 764 4166 ..actitatu.]
782 4103 850 4154 Aua,
911 4067 921 4097 ²
939 4071 1066 4133 Cevenna]
1079 4071 1111 4119 In
1118 4071 1245 4131 spirituali
1256 4085 1342 4134 pugna

383 4169 443 4218 edit.
466 4169 579 4220 C.omit.
614 4171 663 4220 See
675 4177 772 4236 plot,
783 4189 832 4237 seq.
876 4141 1000 4189 amilium
1019 4141 1083 4222 Regi
1102 4156 1190 4223 Qum
1211 4142 1342 4202 praebfflnt

876 4215 1089 4260 remuneratrones
1101 4211 1162 4261 rlhs.
1181 4213 1211 4260 C.
1221 4213 1279 4262 add.
