2918 4866
374 395 566 444 rnonnurn
592 396 873 446 wrconurnnsrs
1034 384 1098 451 121

73 603 77 608 .
145 553 271 634 grandi
293 554 480 618 comitante
506 554 674 633 exercitu,
698 555 741 620 de
770 556 1004 622 oxenefordia
1019 559 1093 624 Wi·
1108 581 1203 631 sepau

146 672 291 735 gornam
307 657 413 733 venit,
429 654 529 739 cujus
552 655 595 719 de
615 656 804 722 infortunio
825 658 918 740 quod
940 635 1235 725 audieratblilin.

147 753 256 818 oculis
275 754 361 820 vidit
389 762 425 819 et
448 756 608 821 indoluit.
665 756 736 821 Ubi
765 774 819 820 ιιι.
842 759 898 821 vel
921 776 952 822 v.
974 759 1096 824 diebus

148 862 313 932 moratus,
348 856 435 937 regii
464 856 727 920 constabulatus
767 857 931 922 honorem
971 859 1097 924 Miloni

148 954 407 1021 Glaucestrensi
431 973 494 1020 suo
517 956 609 1020 hosti
631 957 798 1035 ablatum,
813 958 1002 1038 Willelmo,
1026 960 1240 1026 filiownumn

147 1053 298 1120 Walteri
314 1054 357 1120 de
375 1055 475 1120 Bello
491 1054 636 1139 Campo,
654 1057 874 1139 Wigornensi
890 1059 1097 1140 vicecomiti,
1108 1029 1246 1120 mil-‘¹’

148 1154 251 1219 dedit.
306 1151 416 1220 Fama
436 1156 577 1221 volante
599 1157 704 1239 regiae
719 1158 894 1242 majestati
914 1131 1181 1225 moimmsen.

147 1255 303 1320 inimicos
334 1275 431 1334 suos,
448 1255 577 1340 juratae
609 1257 746 1340 quidem
778 1259 875 1341 pacis
897 1259 1096 1339 violatores

149 1354 392 1421 Herefordiam
420 1357 602 1434 invasisse,
628 1360 874 1422 monasterium
903 1359 938 1424 S.
964 1361 1097 1427 AEtbel-

148 1455 237 1521 berti
267 1457 360 1538 regis
392 1463 428 1522 et
461 1456 648 1543 martyris,¹
683 1459 778 1523 velut
810 1459 846 1523 in
880 1460 1096 1526 castellinum

148 1556 321 1620 munimen
353 1556 577 1640 penetrasse.²
634 1555 737 1622 Unde
767 1578 829 1652 rex
862 1559 923 1624 illo
952 1580 1096 1626 movens
1191 1630 1199 1645 ,

148 1656 416 1739 expeditionem,
448 1657 540 1741 apud
582 1677 727 1742 parvam
763 1658 1006 1724 Herefordiam
1041 1662 1096 1726 vel

148 1757 239 1839 apud
272 1757 398 1821 Leonis
428 1757 693 1822 monasterium⁸
721 1766 990 1825 castrametatus
1019 1769 1093 1837 est;

148 1857 207 1920 ubi
232 1857 373 1940 quidam
405 1877 451 1921 ex
481 1858 639 1922 consulto
666 1859 740 1941 regi
769 1859 970 1925 fidelitatem
998 1861 1097 1945 jura-

147 1965 292 2032 verunt;
320 1957 462 2041 quidam
488 1965 683 2036 renuentes
707 1960 772 2024 hoc
794 1960 869 2042 regi
890 1961 1093 2038 intulerunt,

148 2056 206 2120 ‘Si
231 2077 301 2121 non
322 2057 534 2142 juramento,
556 2058 676 2124 credat
700 2080 775 2137 rex,
798 2061 829 2124 si
854 2060 951 2140 velit,
972 2061 1094 2126 saltem

148 2156 306 2222 fidelibus
329 2158 442 2222 verbis
472 2159 624 2223 nostris!
677 2158 850 2237 Quoniam
873 2180 956 2225 vero
985 2162 1094 2227 insta·

145 2258 231 2322 bant
248 2259 407 2323 solennes
425 2259 498 2323 dies
517 2258 691 2323 Dominici
708 2258 892 2326 Adventus
916 2261 953 2342 [3
976 2262 1094 2344 Dec.]‚

148 2359 310 2442 utrinque
324 2359 457 2423 dextris
471 2357 562 2423 datis
578 2359 621 2422 ad
643 2365 792 2442 tempus,
807 2380 871 2425 rex
890 2362 1095 2444 Wigornam

148 2457 259 2536 rediit,
277 2459 337 2523 ubi
358 2459 496 2542 quidam
515 2459 673 2537 clericus,
691 2461 742 2531 vir
756 2461 893 2524 eximiae
908 2462 1095 2543 religionis,
1107 2500 1203 2541 neuros

150 2557 340 2623 Mauricius
365 2559 513 2636 nomine,
541 2559 671 2623 electus
694 2578 716 2622 a
743 2561 835 2625 clero
864 2569 899 2625 et
923 2582 944 2626 a
967 2552 1229 2651 populogt‘fitfssglk

148 2658 387 2741 Bangornensi
416 2659 583 2735 ecclesiae,
611 2659 857 2725 comitantibus
884 2661 981 2725 illum
1008 2683 1097 2745 prae-

147 2759 279 2823 sulibus
307 2761 478 2825 Rotberto
508 2758 757 2823 Herefordensi
784 2769 820 2825 et
844 2760 1013 2843 Sigefrido
1039 2762 1097 2826 ci-

146 2861 325 2937 cestrensi,
340 2861 377 2925 in
400 2860 544 2924 castello
566 2859 641 2941 regi
664 2868 907 2941 praesentatur,
925 2868 1095 2925 attestan-

147 2959 238 3023 tibus
273 2960 370 3024 illum
405 2960 569 3025 canonice
604 2959 751 3023 electum
792 2960 982 3043 praesulatu
1022 2961 1095 3026 fore

148 3058 301 3142 dignum.
355 3060 457 3139 Quod
480 3067 515 3124 et
533 3079 596 3122 rex
623 3061 804 3124 concessit.
858 3060 1052 3124 Persuasus
1075 3081 1096 3125 a

147 3161 367 3241 pontificibus
382 3169 422 3226 ut
439 3161 513 3242 regi
527 3159 728 3223 fidelitatem
749 3160 891 3236 faceret,
907 3161 1096 3243 respondit,

147 3259 212 3325 hoc
238 3281 276 3325 se
305 3261 503 3325 nullatenus
529 3279 631 3342 posse
660 3259 782 3324 facere.
836 3258 947 3337 ‘Vir‚’
970 3262 1097 3343 inquit,

147 3365 306 3442 ‘magnae
320 3361 497 3443 religionis
522 3359 616 3442 apud
638 3379 702 3423 nos
727 3368 792 3437 est,
810 3380 912 3444 quem
936 3380 999 3443 pro
1025 3363 1096 3444 spi·
1143 3398 1145 3402 >

146 3459 386 3544 rituali'patre
407 3468 519 3538 teneo,
543 3469 578 3525 et
600 3460 864 3543 praedecessoris
889 3463 955 3526 mei
980 3461 1097 3527 David

182 3690 189 3719 ¹
205 3693 349 3757 Martyria]
366 3693 447 3741 Immo
454 3696 548 3742 sanctae
557 3690 609 3739 Dei
636 3689 749 3738 fidelium
765 3703 872 3750 corpora
888 3687 1025 3738 crudeliter
1039 3687 1099 3735 effo-

145 3763 275 3824 geuitricis
287 3764 390 3814 Mariae.
405 3765 473 3813 Add.
484 3762 544 3813 edit.
635 3759 713 3810 disse.
766 3759 835 3808 Hinc
851 3760 965 3821 ejusdem
984 3757 1099 3806 eeclesiae

636 3829 749 3891 pontifex
759 3829 912 3879 venerabilis
922 3828 1040 3877 turbatur
1051 3827 1101 3874 Ro·

181 3901 191 3930 ²
206 3901 370 3967 Penetrceee]
382 3903 482 3964 Agente
491 3900 609 3952 Galfrido
636 3901 731 3960 bertus,
742 3900 860 3948 turbetur
870 3903 896 3948 et
907 3899 990 3947 clerus
1002 3898 1101 3945 univer·

145 3973 178 4022 de
208 3974 325 4037 Talebot,
359 3975 487 4036 ingressos
519 3971 609 4032 fuisse,
636 3971 930 4032 sus‚turbaturquoque
943 3983 997 4017 rex.
1034 3966 1100 4014 Add.

145 4058 276 4106 equosque
295 4058 355 4093 suos
371 4045 398 4091 in
416 4045 474 4104 ipse
491 4041 610 4103 ecclesia,
636 4041 696 4089 edit.
859 4105 860 4108 Ἴ

143 4115 218 4176 quasi
229 4116 255 4163 in
273 4114 383 4176 stabulo,
394 4113 542 4172 collocasse,
554 4125 610 4172 per·
672 4109 788 4158 ³Iieorrir
810 4106 998 4169 mancunium]
1036 4105 1100 4153 Leo·

142 4199 192 4246 que
203 4186 371 4235 coemiterium
383 4183 453 4234 fossa
463 4182 611 4232 uansducta
635 4180 747 4229 minster.
