2918 4866
423 388 616 436 rnonnuru
644 389 922 438 wrconrueusrs
1090 375 1154 439 149

203 544 375 627 recipere:
399 547 462 610 vix
482 547 573 610 enim
595 547 752 629 plerique
772 546 998 609 cardinalium
1018 546 1153 630 dignati

202 652 283 708 sunt
308 666 371 709 nos
399 648 552 729 recipere
577 647 632 711 vel
659 648 694 708 in
722 648 857 709 verbo„
889 646 960 709 Diu
985 648 1093 728 igitur
1115 649 1151 713 in

203 746 431 810 amaritudine
454 748 639 829 spirituum
663 753 859 809 nostrorum
886 748 991 809 anxie
1012 755 1151 811 contur-

203 844 288 918 bati,
316 844 370 908 his
396 847 542 928 quivos
573 844 709 909 fidelius
739 845 929 927 diligebant
955 847 1151 912 omnimode

201 945 485 1025 supplicavimus,
521 953 560 1009 ut
595 965 714 1009 eorum
752 945 951 1008 interventu
991 946 1149 1012 dominus

201 1062 293 1124 papa
320 1046 418 1107 nobis
441 1063 646 1127 quocunque
670 1044 772 1108 modo
799 1045 1007 1107 audientiam
1035 1046 1149 1109 indul-

202 1151 310 1222 geret.
355 1141 411 1207 Ao
444 1164 563 1209 eorum
595 1137 749 1208 tandem¹
783 1145 984 1207 instantiam
1019 1149 1149 1227 recepti

201 1249 283 1305 sunt
312 1243 471 1307 dominus
503 1245 611 1308 abbas
636 1243 866 1307 Wallacensis
898 1250 933 1306 et
966 1244 1011 1310 R.
1035 1244 1149 1310 Lexo-

201 1341 328 1405 viensis
351 1343 624 1419 archidiaconus,
647 1344 707 1425 qui
724 1344 838 1406 minus
859 1343 1074 1407 habebantur
1090 1366 1149 1408 su-

201 1443 322 1522 specti.
349 1442 423 1524 Ipsi
433 1451 563 1521 autem,
578 1463 656 1506 cum
670 1461 795 1506 nomen
805 1450 971 1519 vestrum,
981 1450 1147 1526 tanquam

201 1539 263 1604 filii
282 1541 450 1606 Romanae
465 1542 680 1607 devotissimi
697 1542 865 1637 ecclesiae,
882 1542 918 1604 in
934 1543 1147 1607 salutatione

200 1658 246 1701 ex
279 1648 394 1705 vestra
426 1650 526 1724 parte
558 1650 802 1725 proponerent,
834 1642 1041 1706 acclamavit
1073 1650 1148 1708 tota

200 1740 308 1817 curia,
340 1740 553 1819 ‘Sustinete,
586 1743 779 1818 sustinete‚'
810 1749 976 1822 tanquam
1008 1740 1146 1807 domino

199 1859 300 1921 papae
323 1842 552 1905 abominabile
575 1848 666 1905 esset
689 1840 807 1904 audire
833 1861 956 1904 nomen
981 1849 1145 1906 vestrum.

201 1938 258 2002 Sic
275 1959 296 2003 a
312 1942 409 2004 curia
424 1943 601 2005 venientes
622 1959 700 2003 sero
718 1940 892 2004 redierunt
909 1941 952 2003 ad
969 1941 1144 2004 dominum

199 2058 338 2121 papam,
351 2042 382 2103 ei
396 2040 438 2104 de
450 2027 567 2105 nostro
579 2039 754 2104 communi
766 2041 909 2103 consilio
921 2047 1146 2123 exponentes,

201 2140 292 2220 quod
308 2142 407 2204 nobis
427 2142 539 2205 suerat
554 2161 576 2204 a
592 2147 711 2204 vestra
729 2139 912 2223 majestate
929 2139 1144 2222 injunctum;

200 2239 388 2303 referentes
407 2242 511 2304 etiam
535 2241 687 2304 seriatim
714 2240 852 2320 singula
882 2239 1047 2302 beneficia
1068 2259 1146 2321 quae

200 2340 426 2403 contuleratis
453 2340 709 2415 Gantuariensi,
735 2346 770 2402 et
797 2339 954 2421 singulos
981 2358 1146 2403 excessus

200 2444 235 2500 et
262 2438 592 2521 inopportunitates,
617 2457 704 2522 quas
731 2446 853 2502 contra
878 2446 1027 2502 vestram
1052 2458 1146 2502 com·

98 2601 102 2607 ,
200 2538 342 2602 miserat
357 2539 581 2620 dignitatem
600 2547 781 2619 totumque
795 2537 860 2601 hoc
873 2539 985 2620 primo
1000 2547 1147 2616 secreto,

198 2645 321 2718 postea
335 2637 452 2702 coram
476 2639 615 2703 domino
637 2657 731 2721 papa
755 2644 789 2701 et
816 2638 977 2701 omnibus
991 2637 1147 2700 cardina-

197 2736 300 2812 libus,
312 2738 598 2802 contendentibus
609 2739 713 2802 etiam
727 2743 847 2801 contra
857 2756 929 2813 eos,
944 2735 1146 2800 Alexandro

201 2843 236 2900 et
252 2836 408 2901 Guntero
425 2837 650 2913 Flandrense,
668 2838 802 2901 clericis
826 2836 1146 2899 Cantuariensibus.

201 2933 361 3001 Instante
372 2956 456 3001 vero
470 2938 593 3019 quinta
609 2937 695 3000 seria
707 2947 786 3000 ante
797 2935 938 2999 Pascha
954 2935 1014 3017 [23
1024 2935 1146 3015 Mar.],

199 3034 321 3116 inqua
345 3036 386 3100 de
413 3037 664 3101 consuetudine
690 3036 858 3100 Romanae
881 3034 1034 3099 ecclesiae
1057 3034 1147 3099 solet

199 3134 358 3199 dominus
388 3144 482 3218 papa
519 3137 655 3219 publice
694 3135 884 3210 absolvere,
918 3135 974 3197 vel
1010 3135 1147 3215 publice

200 3237 520 3314 excommunicare3
558 3255 636 3298 cum
671 3235 756 3298 certi
789 3253 942 3297 essemus
977 3233 1069 3314 quod
1104 3233 1147 3296 de

200 3342 317 3399 vestro
332 3343 368 3399 et
385 3337 484 3417 regni
499 3336 606 3399 vestri
619 3333 832 3416 gravamine,
845 3334 1010 3415 tanquam
1022 3333 1066 3396 ad
1082 3332 1147 3396 hoc

200 3435 300 3514 proni
318 3442 540 3512 tractassent,
563 3434 799 3499 consuluimus
823 3452 883 3496 eos
910 3453 997 3516 quos
1020 3439 1147 3497 vestrae

201 3534 377 3616 majestati
392 3535 563 3598 fideliores
580 3533 817 3615 cognovimus
827 3533 960 3596 scilicet
973 3532 1147 3595 dominum

202 3630 438 3710 Portuensem,
466 3635 642 3698 dominum
657 3632 680 3697 J
684 3634 868 3706 acinetum,
883 3630 1060 3695 dominum
1079 3630 1148 3694 Pa·
1232 3718 1233 3721 Ἴ

201 3732 366 3814 piensem,
379 3735 555 3798 dominum
565 3733 874 3807 Tusculanensem,
888 3731 1064 3794 dominum
1080 3728 1148 3792 Pe·

199 3839 290 3894 trum
310 3833 353 3896 de
376 3834 480 3897 Mirio
496 3833 673 3919 (dominus
694 3830 874 3895 lohannes
893 3829 1149 3912 Neapolitanus

201 3929 353 4016 aberat),
368 3953 445 3996 cum
464 3935 557 3996 omni
578 3932 693 3995 studio
713 3937 748 3994 et
762 3931 928 3994 instantia
951 3935 1148 4003 exorantes

296 4162 304 4193 ¹
323 4165 414 4212 Eorum
425 4163 541 4225 tandem]
560 4162 684 4224 Supplied
695 4162 758 4211 from
771 4161 904 4222 Hoveden,
915 4158 976 4207 MS.
989 4156 1056 4204 cinit.
