2918 4866
201 1041 340 1082 Lamentable

203 1097 258 1132 state
267 1091 290 1131 of

204 1143 308 1192 Englsnd.

206 3533 302 3582 arephen

207 3585 301 3632 besieges

207 3634 295 3673 nxeeer.

365 343 410 407 96
615 352 862 404 oonrmunrro
885 350 1060 398 onnonror

367 520 448 576 ante
473 509 596 586 altare,
618 527 745 590 magna
770 505 1045 583 honorificentia,
1073 505 1170 586 regia
1198 523 1319 569 recon-

366 613 460 677 ditur
475 610 587 693 gleba.

486 751 551 810 Rex
564 750 612 809 hic
627 749 783 808 Heinricus
797 749 918 808 terrenis
932 749 1017 807 rebus
1032 747 1153 825 opimus,

489 849 614 927 Ereptus
628 847 729 926 poenis,
744 846 809 905 coeli
823 846 955 924 potiatur
968 845 1098 904 amoenis.

419 1017 500 1095 Quo
531 1018 680 1100 sepulto,
708 1025 744 1082 et
770 1017 947 1100 Stephano
978 1023 1159 1096 regnante,
1187 1034 1320 1079 necnon

367 1119 477 1182 multo
512 1126 604 1194 ante,
637 1118 765 1199 ubique
798 1117 953 1182 locorum
985 1136 1047 1199 per
1079 1113 1245 1196 Angliam
1284 1124 1320 1179 et

369 1217 632 1293 Normanniam,
656 1217 796 1299 dirupto
822 1218 918 1299 pacis
943 1216 1086 1292 foedere,
1108 1214 1257 1297 plurima
1281 1215 1321 1280 fit

368 1318 587 1381 disturbatio.
636 1316 793 1399 Quisque
818 1318 853 1379 in
885 1316 1032 1379 alterum
1049 1323 1155 1398 caput
1180 1315 1317 1394 elevat3

367 1437 446 1500 quae
471 1418 582 1481 oritur
607 1416 791 1493 discordia,
813 1417 849 1479 in
876 1416 1048 1480 vastando
1081 1416 1196 1479 omnia
1222 1416 1320 1480 nobi-

366 1517 451 1580 lium
475 1524 510 1581 ct
525 1517 742 1599 ignobilium,
764 1517 836 1580 alta
860 1535 988 1598 magna
1012 1535 1054 1579 ac
1078 1515 1215 1579 diversa
1238 1516 1320 1579 sub-

367 1617 474 1680 intrat
486 1618 615 1680 moenia
628 1636 636 1695 ;
657 1617 803 1699 quisquc
814 1615 920 1679 alium
933 1617 1034 1680 rebus
1046 1615 1184 1698 spoliat,
1195 1624 1320 1697 potens

368 1717 593 1799 impotentem
629 1717 662 1780 vi
698 1716 875 1799 opprimit,
910 1724 1082 1798 quaestum
1120 1735 1225 1797 snper
1254 1717 1321 1781 hoc

368 1824 526 1898 agentem
547 1817 648 1880 minis
666 1818 815 1892 territat,
830 1817 906 1880 neci
924 1816 1071 1880 traditur
1089 1815 1148 1897 qui
1164 1817 1318 1891 resistit3

367 1918 521 1999 opulenti
545 1916 642 1998 regni
669 1917 867 1998 optimates,
892 1916 1022 1979 divitiis
1045 1914 1238 1993 affluentes
1258 1917 1322 1980 mi-

368 2019 459 2080 nime
486 2023 675 2100 procurant
701 2035 805 2098 qnam
836 2016 940 2097 impie
963 2022 1157 2079 tractentur
1182 2015 1318 2090 miseri;

368 2117 434 2180 sibi
450 2119 591 2199 suisque
607 2116 780 2180 duntaxat
796 2114 1002 2190 consulunt3
1022 2116 1102 2180 vitae
1117 2117 1320 2180 necessariis

369 2216 514 2280 castella
537 2223 572 2278 et
594 2214 723 2298 oppida
750 2217 921 2290 muniunt,
944 2234 1049 2278 mann
1077 2215 1218 2278 militari
1241 2229 1321 2280 cum

369 2317 475 2381 armis
501 2317 688 2393 instruunt,
716 2316 840 2380 timent
862 2315 960 2396 regui
985 2315 1223 2392 mutationem,
1251 2336 1320 2380 non

370 2415 486 2480 animo
523 2434 707 2497 supernam
748 2415 1000 2498 perpendentes
1038 2414 1320 2496 dispositionem3

370 2515 630 2596 investigabiles
653 2516 743 2579 enim
766 2523 850 2580 sunt
866 2515 931 2579 riae
954 2513 1041 2597 ejus.
1093 2515 1187 2579 Dum
1203 2523 1321 2579 autom

370 2616 414 2679 ob
429 2615 563 2697 regium
579 2623 756 2693 terrorem,
767 2615 898 2697 rugitui
913 2615 1022 2678 leonis
1038 2615 1321 2697 comparandum,

370 2716 485 2778 omnia
500 2716 663 2781 deberent
677 2717 756 2798 paci
772 2716 905 2791 cedere,
917 2714 992 2797 jam
1004 2715 1039 2777 in
1054 2714 1210 2796 pluribus
1223 2714 1322 2792 lociS,

370 2822 406 2879 et
432 2816 584 2879 maxime
605 2816 641 2878 in
658 2816 789 2891 Walia‚
809 2815 1032 2896 depopulatio
1056 2821 1090 2878 et
1110 2815 1324 2896 depraedatio

370 2915 509 2979 minime
524 2924 658 2994 cessat;
685 2916 766 2979 hinc
782 2916 953 2998 conjicere
975 2915 1052 2996 quis
1075 2915 1214 2995 poterit,
1230 2915 1323 2996 quod

370 3015 534 3079 mediocri
565 3015 749 3098 prudentia
780 3014 1011 3096 imbecillique
1043 3013 1260 3092 fortitudine,
1287 3022 1322 3078 et

370 3116 482 3196 magis
499 3114 671 3197 injustitia
697 3135 802 3196 quam
820 3114 972 3197 justitia,
991 3115 1153 3196 aquibus
1168 3114 1243 3195 regi
1267 3115 1322 3177 de-

371 3214 441 3290 bet,
473 3216 606 3295 regitur
638 3211 779 3296 Anglia.
833 3214 876 3276 In
908 3222 1076 3295 regnante
1108 3214 1257 3278 avaritia
1288 3221 1324 3277 et

370 3313 407 3374 in
423 3313 610 3396 cujuslibet
625 3313 765 3377 honoris
791 3313 977 3377 ambitione
992 3314 1154 3395 pessima,
1172 3315 1231 3376 vix
1257 3313 1320 3376 ali·

371 3432 440 3493 qua
464 3413 673 3488 intercurrit,
690 3433 768 3495 quae
793 3424 904 3476 mater
924 3421 978 3477 est
996 3413 1174 3487 virtutum,
1192 3421 1325 3499 tempe-

371 3512 493 3576 rantia.
531 3512 610 3575 Rex
628 3510 819 3593 Anglorum
839 3512 1037 3594 Stephanus
1051 3513 1202 3593 equestri
1214 3513 1323 3577 milite

371 3619 406 3674 et
417 3612 569 3693 pedestri
581 3613 735 3676 exercitu
748 3619 895 3688 armato,
909 3613 1141 3675 Domnaniam
1152 3620 1324 3693 penetrat,

371 3710 467 3791 longi
498 3713 662 3794 temporis
687 3713 801 3794 spatio
833 3711 1113 3774 Exancestrense
1141 3712 1324 3775 castellnm

206 3832 349 3872 autument
371 3811 586 3887 obsessurus,
614 3812 706 3893 quod
739 3811 952 3887 Baldwinus,
992 3811 1034 3873 de
1074 3811 1232 3875 Redvcrs
1268 3831 1323 3876 co·

206 3884 230 3922 of
238 3882 332 3922 Baldwin

206 3935 232 3974 de
244 3934 344 3973 ltedvers.

370 3910 544 3992 gnomine,
568 3919 689 3974 contra
719 3913 850 3992 regiam
885 3911 1103 3994 majestatem
1143 3912 1322 3974 munierat.

370 4010 420 4075 At
435 4011 571 4074 demum
598 4011 649 4073 bis
676 4011 736 4092 qui
761 4011 855 4074 intus
881 4018 992 4087 erant,
1013 4013 1095 4075 vitae
1120 4012 1324 4074 necessariis
1393 4006 1395 4011 ⁴

370 4111 621 4187 deficientibus,
647 4110 851 4192 dextrisque
877 4111 967 4175 datis
995 4120 1030 4174 et
1057 4111 1223 4193 acceptis
1250 4110 1325 4192 ipsc
