2918 4866
357 387 401 452 72
610 403 856 452 conrrnoarro
880 402 1056 451 crinorum

197 579 327 620 clarescens
361 561 474 625 Nonis
518 559 605 626 Julii
646 563 683 644 [7
719 560 808 643 Jul]
849 561 934 625 obiit
975 561 1044 625 Dn.
1071 561 1309 624 Fnonuurrus

197 631 314 722 dim
360 663 625 727 Wmonuuusrs
643 661 842 726 monachus.
886 661 1005 746 Hujus
1023 662 1140 726 subtili
1165 661 1310 726 scientia

361 769 396 827 et
424 763 571 827 studiosi
591 762 720 827 laboris
744 762 927 840 industria,
949 762 1151 845 praeeminet
1176 761 1309 824 cunctis

359 863 435 928 haec
454 863 702 928 Chronicarum
721 862 903 927 Chronica.

443 1014 553 1093 Corpus
568 1023 644 1072 terra
657 1015 736 1090 tegit,
751 1014 865 1092 spiritus
879 1020 955 1072 astra
968 1020 1053 1090 petat,

402 1112 468 1176 Quo
482 1110 622 1170 cernendo
637 1110 733 1169 Deum
744 1130 808 1169 cum
819 1111 923 1169 sanctis
938 1118 1038 1186 regnet
1047 1110 1076 1167 in
1088 1128 1187 1168 aarum.
1205 1109 1310 1166 Amen.

199 1287 341 1326 reomao
413 1266 571 1330 Ecclesia
596 1264 688 1348 apud
724 1262 929 1328 Momerfeld
953 1282 975 1327 a
1005 1261 1168 1327 Gossrido
1197 1262 1310 1328 Here-

199 1336 337 1433 blitilde
362 1365 515 1430 fordensi
541 1365 703 1449 episcopo
728 1364 899 1441 dedicata,
922 1383 1040 1428 omnes
1065 1363 1125 1445 qui
1148 1363 1191 1426 ad
1215 1364 1310 1428 dedi·

201 1437 340 1477 mmm
362 1467 533 1531 cationem
547 1471 725 1542 venerant,
738 1447 877 1530 domum
892 1464 1050 1528 redibant
1063 1484 1072 1543 ;
1092 1483 1212 1528 verum
1229 1471 1310 1547 post

363 1567 451 1632 aeris
473 1567 708 1643 serenitatem,
729 1585 808 1649 quae
837 1565 931 1649 prius
956 1565 1122 1629 extiterat
1146 1564 1309 1642 maxima,
1401 1581 1404 1586 ·

313 1714 315 1718 ι
363 1675 505 1751 repente
530 1687 608 1731 curn
634 1666 765 1732 tonitru
791 1673 870 1730 orta
893 1672 948 1729 est
974 1671 1161 1746 tempestas
1188 1664 1307 1743 nimia,

363 1788 433 1851 qua
447 1767 597 1852 perculsi
611 1767 749 1849 quidam
767 1766 802 1829 in
813 1766 948 1843 itinere,
963 1765 1043 1829 dum
1061 1765 1138 1829 loco
1155 1765 1190 1829 in
1207 1785 1310 1848 quem

364 1869 576 1933 devenerant
608 1867 728 1932 cedere
760 1887 831 1930 non
862 1867 1027 1943 valerent,
1061 1866 1327 1930 subsistebant.'

365 1968 473 2032 Erant
490 1987 632 2031 numero
648 1967 812 2049 quinque,
829 1974 900 2030 tros
917 1966 980 2030 viri
998 1973 1034 2030 et
1047 1966 1126 2029 duae
1143 1965 1308 2045 foeminae,

362 2088 509 2151 quarum
538 2087 608 2130 una
638 2068 710 2131 ictu
740 2065 905 2130 fulmineo
939 2086 1105 2150 percussa
1135 2068 1310 2144 occubuit,

363 2168 474 2232 altera
491 2188 573 2233 vero
592 2168 635 2231 ab
652 2166 815 2232 umbilico
833 2167 1000 2248 usquead
1019 2167 1145 2250 pedum
1163 2168 1310 2249 vestigia

362 2269 487 2332 misere
510 2287 673 2350 percussa
696 2275 731 2332 et
750 2268 861 2352 ignita
877 2267 1017 2345 decidit,
1033 2268 1117 2332 viris
1134 2268 1307 2332 duntaxat

363 2368 424 2432 vix
456 2369 539 2433 vitae
572 2368 770 2432 reservatis,
810 2367 1001 2450 Quinque
1040 2369 1161 2432 etiam
1182 2368 1308 2433 caballi

362 2467 500 2532 illorum
516 2468 659 2532 fulmine
676 2468 824 2551 perculsi
838 2468 1053 2533 interierunt.

209 2588 340 2628 anano.
413 2566 575 2632 Gelasius
594 2588 687 2652 papa
709 2569 807 2646 obiit,
824 2576 859 2633 et
877 2567 1033 2632 Cluniaci
1053 2569 1211 2652 sepultus
1234 2575 1308 2648 est;

200 2654 349 2752 ξῖξξὲξζᾞῑᾱ
362 2668 419 2731 cui
452 2670 618 2733 successit
642 2669 758 2734 Guido
784 2666 992 2733 Viennensis
1023 2669 1218 2754 episcopus,
1247 2669 1309 2752 qui

199 2756 341 2853 ilfflff'
362 2769 432 2833 alio
449 2770 587 2834 nomine
605 2768 766 2835 Galixtus
782 2770 979 2834 nominatus
994 2776 1058 2836 est.
1110 2769 1308 2848 Gosfridus,

200 2858 290 2895 Herbert
299 2855 323 2894 oi

200 2869 628 2946 N„,1,1,„,·Heref0rdensis'
666 2871 860 2954 episcopus,
891 2887 947 2950 111.
982 2863 1090 2934 nonas
1127 2869 1308 2934 Februarii

359 2969 400 3050 [3
426 2971 527 3052 Feb]
552 2971 648 3048 obiit,
667 2979 701 3036 et
719 2970 932 3035 Herebertus
957 2970 1230 3036 Northwicensis
1251 2987 1307 3034 xl.

199 3088 309 3128 warenn
361 3068 432 3135 kal.
456 3070 550 3154 Aug.
584 3071 644 3152 [22
676 3071 780 3152 Jul.].
833 3071 919 3135 Orto
950 3071 1041 3135 bello
1073 3073 1164 3136 inter
1191 3090 1309 3153 regem

199 3140 285 3186 Franco,

199 3190 323 3238 aaronem
360 3168 555 3252 Anglorum
576 3170 793 3248 Heinricum,
810 3178 845 3235 et
862 3191 979 3253 regem
1002 3171 1216 3238 Francorum
1240 3172 1310 3235 Lu·

199 3241 307 3280 ΗΜ*
357 3269 542 3348 dowicum,
571 3277 605 3334 et
636 3272 795 3335 comitem
820 3268 1118 3353 Andegavensem,
1142 3279 1178 3336 et
1204 3273 1309 3336 comi·

201 3390 326 3430 nemean
359 3377 430 3433 tem
454 3370 710 3446 Flandrensem‚
727 3371 803 3453 ipsc
826 3390 889 3434 rex
917 3370 1116 3451 Heinricus,
1132 3373 1219 3437 inito
1244 3392 1307 3455 op·

200 3442 274 3489 *nm
359 3472 584 3552 portunitatis
621 3471 778 3547 concilio,
809 3472 1013 3552 anticipavit
1042 3475 1169 3555 pacem
1184 3472 1309 3551 lacere

356 3590 437 3634 cum
461 3572 585 3635 comite
613 3569 869 3653 Andegavensi,
896 3579 1039 3654 accepta
1066 3573 1138 3638 filia
1164 3573 1242 3658 ejus
1267 3574 1304 3636 in

356 3688 503 3734 uxorem
525 3673 595 3735 filio
618 3691 681 3735 suo
699 3671 887 3751 Willelmo,
906 3693 1008 3756 quem
1031 3674 1106 3759 jam
1135 3673 1306 3754 haeredem

198 3772 577 3853 riecounortotiusregni
601 3770 915 3839 suicoustituerat.
968 3774 1093 3839 Comes
1118 3776 1208 3839 idem
1232 3772 1305 3839 An·

196 3843 562 3953 diiiiidiirdegavcnsis
590 3871 842 3955 lerosolymam
874 3872 970 3938 adiit.
1035 3874 1122 3939 Post
1144 3875 1219 3940 haec
1241 3894 1305 3940 rex

196 3993 325 4083 11:333ng
359 3971 557 4049 HeinricuS,
596 3972 740 4036 consilio
782 3973 987 4055 optimatum
1027 3994 1181 4054 suorum,
1221 3975 1305 4043 feeit

196 4095 303 4134 ranna.
355 4091 475 4153 pacem
493 4092 570 4135 cum
587 4093 670 4155 rege
687 4073 913 4152 Francorum,
929 4074 965 4137 in
981 4094 1053 4157 qua
1069 4094 1156 4158 pace
1170 4074 1307 4152 aorem

355 4171 553 4237 Willelmus
579 4174 670 4237 filius
699 4171 774 4263 ejus
801 4172 1066 4254 Normanniam,
1087 4158 1209 4260 aspra
