2918 4866
447 398 638 449 rnoasuru
667 398 947 449 wrconrunusm.
1101 383 1166 449 183

213 554 320 620 libras
336 557 596 638 sterlingorum,
615 557 670 622 vel
687 561 784 624 (ῖοῑῑ.
800 557 966 622 librarum
982 556 1162 621 Turonen-

214 655 315 734 sium,
330 664 366 721 et
383 657 449 740 ipsi
465 657 647 721 Sarraceni
662 676 781 722 omnes
792 659 952 741 captiuos
969 657 1161 725 redderent.

216 754 262 820 Et
286 757 338 821 sic
361 755 454 822 datae
482 764 565 822 sunt
592 765 725 839 treugae
752 777 815 840 per
839 757 1064 823 decennium:
1099 777 1161 822 rex

214 874 297 921 vero
313 857 488 934 recedens,
504 877 544 922 ac
560 857 770 923 concredens
793 858 881 922 hanc
898 858 1160 923 conventionem

214 953 361 1039 impleri,
390 976 494 1039 quam
527 958 709 1023 Sarraceni
743 965 858 1022 tenere
888 978 959 1022 non
987 965 1158 1036 curantes,

215 1074 294 1120 nam
326 1058 484 1140 captivos
520 1058 656 1123 nonnisi
691 1076 754 1140 pro
792 1064 891 1141 parte
926 1057 1158 1124 reddiderunt.

213 1155 424 1240 Willelmus,
458 1157 710 1224 Wintoniensis
736 1157 937 1240 episcopus,
968 1158 1054 1223 obiit
1087 1158 1157 1225 kal.
1171 1174 1320 1227 williamnp.

1170 1225 1194 1264 ot
1201 1226 1294 1275 winton,

214 1255 386 1338 Septemb.
410 1258 447 1339 [1
465 1258 592 1340 Sept.],
614 1259 772 1341 sepultus
794 1258 939 1336 Turum,
956 1257 992 1323 iu
1013 1258 1204 1324 ecclesian.

214 1354 333 1423 Sancti
350 1357 503 1423 Martini.
552 1358 766 1444 Fredericus,
776 1357 948 1440 quondam
959 1361 1158 1440 imperator,
1170 1351 1267 1451 ξξιζζῐῇ

214 1455 309 1523 obiit.
373 1457 583 1545 Willelmus,
616 1476 732 1523 comes
773 1458 969 1535 Holandiae‚
1008 1459 1157 1540 eligitur.
1170 1452 1309 1573 {fffiffifl

213 1555 345 1621 Eodem
360 1577 463 1635 anno,
478 1558 533 1624 die
545 1558 580 1622 N
581 1559 665 1623 atal.
677 1559 829 1635 Domini,
840 1559 877 1622 in
894 1578 1019 1624 aurora
1036 1560 1158 1626 audita
1169 1576 1320 1616 countoruor·

1168 1626 1225 1672 land,
1235 1627 1313 1667 chorea

211 1665 294 1721 sunt
309 1656 449 1744 fulgura
464 1666 500 1723 et
516 1660 681 1724 tonitrua.
1168 1687 1271 1727 emperor.

263 1759 434 1823 Dominus
458 1778 551 1843 papa
571 1759 715 1823 recessit
735 1776 757 1821 a
772 1755 944 1839 Lugdnno
963 1756 999 1820 in
1022 1759 1153 1822 ebdom.
1180 1775 1308 1816 annm.

213 1854 359 1922 Paschae
384 1855 443 1944 [16
466 1857 586 1945 Apr.],
608 1859 694 1923 seria
715 1866 851 1940 quarta.
905 1856 1036 1922 Eodem
1064 1842 1276 1932 annoffe¹22012⁰⁹⁰

212 1958 307 2021 venit
324 1959 463 2040 quidam
478 1958 640 2024 seductor
656 1961 692 2022 in
711 1957 857 2035 Galliae,
876 1957 1022 2024 collecta
1036 1977 1152 2022 secum
1167 1943 1312 2032 ῗξξέἓωηοῃ

212 2066 391 2138 pastorum
408 2059 640 2136 multitudine,
657 2059 774 2124 dicens
789 2077 828 2123 se
843 2077 918 2123 esse
934 2059 1153 2141 ‘pastorem'
1166 2043 1303 2133 ἵξιξῗθὶξξῖᾌ

210 2164 246 2221 et
271 2159 374 2223 beata
397 2159 465 2223 Dei
492 2159 656 2241 genitrice
679 2159 842 2238 missam3
872 2166 908 2222 et
934 2157 984 2222 sic
1011 2159 1153 2237 dictum,
1166 2143 1253 2184 m·

210 2276 272 2338 per
292 2259 381 2324 tales
409 2267 579 2341 pastores,
599 2259 671 2323 scil.
695 2259 839 2322 Terram
865 2258 1029 2323 Sanctam
1051 2279 1153 2341 posse

209 2355 356 2440 adquiri.
409 2356 480 2437 Qui
498 2359 701 2424 circumiens
716 2359 896 2423 universas
918 2379 1006 2441 pene
1026 2357 1152 2424 Galliae
1163 2376 1269 2465 lgm?-

209 2457 367 2522 civitates
390 2460 594 2540 praedicans
622 2466 656 2523 et
683 2458 853 2522 fallaciter
878 2461 999 2524 crebro
1020 2459 1151 2542 fingens
1162 2436 1288 2516 ellim

208 2557 389 2635 miracula,
401 2559 540 2623 taudem
555 2559 651 2623 venit
665 2557 864 2623 Aurelianis
878 2578 957 2623 cum
973 2559 1067 2624 suis:
1092 2561 1151 2624 ubi

209 2675 271 2738 per
287 2658 491 2722 seditionem
505 2659 597 2724 inter
612 2679 672 2723 eos
687 2665 722 2722 ct
741 2659 879 2736 clerum,
898 2659 998 2724 multi
1012 2659 1150 2741 quidem

210 2775 254 2820 ex
281 2757 386 2835 clero,
415 2759 476 2823 sed
499 2760 609 2824 multo
635 2758 752 2841 plnres
783 2779 829 2823 ex
852 2757 1077 2841 pastoribus,¹
1103 2759 1151 2826 id.

209 2857 232 2921 J
234 2858 305 2920 unii
321 2856 381 2943 [13
393 2858 416 2922 J
420 2860 505 2940 un.],
524 2860 628 2924 occisi
643 2867 737 2924 sunt.
789 2859 955 2942 Sequenti
967 2879 1050 2924 vero
1065 2858 1152 2925 feria

210 2973 270 3036 vn,
297 2959 371 3041 ipse
397 2959 563 3040 magister
590 2967 767 3043 pastorum
800 2959 979 3034 occiditur,
1010 2959 1151 3042 reliquis

208 3059 366 3123 omnibus
402 3059 576 3141 dispersis.
640 3059 770 3124 Eodem
797 3078 900 3136 anno,
925 3059 980 3123 die
1008 3059 1150 3125 Natalis
1162 3077 1290 3168 ³1¹⁹”lw’

208 3157 363 3236 Domini,
393 3157 604 3237 Alexander,
633 3179 697 3224 rex
726 3159 864 3237 Scotiae,
893 3160 1068 3225 accinctus
1096 3130 1267 3268 οεῐξοξῗιῖιιᾱ.

207 3259 415 3324 militaribus
463 3260 555 3342 apud
597 3260 792 3325 Eboracum
831 3279 854 3324 a
894 3279 978 3342 rege
1009 3259 1148 3343 Angliae
1161 3229 1272 3279 mm

207 3358 374 3436 Henrico,
390 3367 425 3425 et
443 3360 479 3424 in
498 3361 649 3425 crastino
667 3359 768 3425 duxit
787 3361 824 3424 iu
843 3379 987 3425 uxorem
1004 3361 1147 3444 Marga-
1161 3379 1296 3421 umorue

206 3466 328 3537 rotam,
344 3461 450 3524 filiam
466 3461 619 3545 ejusdem
634 3462 726 3542 regis
743 3459 891 3544 Angliae.
1160 3431 1276 3532 lilim.

237 3689 244 3720 ¹
262 3689 427 3752 Pectoribus]
453 3688 492 3738 Oi
509 3689 580 3738 these
598 3688 663 3737 insa·
686 3687 770 3738 rerent
788 3689 865 3750 qu’ils
886 3690 1015 3743 voulaient
1038 3691 1103 3740 aller
1124 3690 1148 3742 le

200 3758 661 3820 tuatedindividualsMicheletsays:
687 3758 816 3808 detinet!

201 3828 348 3879 ‘O’etaient
367 3830 405 3879 les
425 3831 486 3893 plus
514 3827 662 3878 miserables
722 3829 1149 3895 ‘Multiplicatisuntvehementer,

200 3899 317 3948 habitans
349 3901 395 3949 des
425 3914 587 3962 campagnes,
616 3899 662 3948 des
687 3899 751 3949 adeo
778 3904 808 3948 ut
831 3901 864 3952 ad
888 3906 989 3950 centum
1016 3900 1097 3951 millia
1124 3909 1150 3952 et

200 3972 301 4032 bergers
329 3975 437 4033 sument,
460 3972 505 4032 qui
526 3969 663 4018 emendant
687 3969 774 4031 plnres
789 3972 918 4034 recensiti,
931 3973 1005 4034 signa
1017 3973 1067 4020 sibi
1082 3972 1150 4021 face-

200 4041 255 4089 dire
272 4055 323 4101 que
340 4041 364 4088 le
382 4042 421 4089 roi
437 4039 663 4102 corruptionum,
686 4045 742 4090 rent
756 4041 886 4102 militaria,
896 4047 921 4091 et
936 4043 964 4090 iu
978 4042 1051 4103 signo
1061 4052 1150 4093 eorum

199 4108 662 4172 s'armerent,s'attrouperent‚forme·
686 4125 768 4173 egum
807 4112 934 4162 vexillifer
975 4113 1149 4174 figmabatar!

198 4185 255 4232 rent
273 4196 324 4231 une
349 4181 443 4243 grande
465 4179 560 4244 mande,
577 4178 663 4232 decla·
688 4181 763 4234 Matr.
777 4182 968 4244 Poiaessa
1001 4224 1004 4229 .
