2918 4866
366 373 432 438 268
614 388 862 438 oonrruunrro
884 387 1059 438 orrnouror

367 547 545 629 dispersae.
582 546 626 611 In
639 548 707 612 isto
723 547 891 629 siquidem
910 546 1073 612 conflictu
1089 545 1131 610 de
1145 546 1321 610 Baionen-

207 664 303 704 Another
367 647 463 710 sibus
487 655 558 711 tres
582 654 719 712 tantum
743 667 850 711 naves
879 648 1035 712 extitere.
1088 646 1320 711 Subseeutum

206 715 339 765 ‘mmm'
367 754 421 810 est
441 747 568 811 bellum
596 749 630 815 in
654 768 749 812 mare
771 748 880 811 multo
905 748 1019 830 priore
1035 746 1175 823 saevius,
1194 747 1230 810 in
1250 766 1322 830 quo

367 846 649 926 Teutonioorum,
686 847 961 925 Flandrensium,
998 855 1034 912 et
1069 847 1174 912 etiam
1214 847 1320 910 Lom-

367 947 553 1011 bardorum
586 949 717 1031 copias,
744 967 822 1012 cum
858 948 1004 1012 navibus
1044 946 1320 1030 quampluribus,

367 1055 616 1111 contraxerant
638 1048 672 1112 N
675 1048 843 1113 ermanni.
896 1046 1032 1125 Quibus
1059 1047 1321 1116 occurrentibus

368 1144 787 1227 Quinque-Portensibus,
826 1148 1089 1224 Baionensibus,
1127 1153 1162 1210 et
1191 1146 1318 1210 Hiber-

367 1246 544 1324 nensibus,
575 1247 609 1310 in
641 1248 750 1329 primo
782 1266 969 1330 congressu
999 1247 1097 1311 multi
1135 1265 1180 1310 ex
1215 1255 1318 1329 parte

367 1346 564 1411 oeciderunt
579 1344 794 1428 Anglorum3
817 1348 878 1430 qui
906 1356 980 1415 tum
1007 1347 1159 1423 tandem,
1184 1347 1319 1411 viribus

366 1447 564 1528 resumptis,
580 1456 715 1529 partem
734 1447 1008 1512 adversariorum
1026 1466 1103 1511 oum
1119 1447 1191 1510 suis
1206 1448 1318 1529 copiis

368 1564 477 1627 usque
504 1546 548 1610 ad
570 1547 837 1611 internecionem
862 1548 1136 1624 combusserunt,
1163 1555 1318 1629 prostra-

366 1654 503 1724 verunt,
524 1649 769 1711 contriverunt.
822 1647 948 1730 Sioque
972 1667 1042 1711 non
1063 1648 1195 1729 absque
1215 1647 1317 1728 gravi

367 1747 540 1811 exercitus
567 1747 621 1809 sui
650 1747 788 1822 damno,
812 1747 958 1811 victoria
982 1748 1143 1828 quamvis
1168 1755 1317 1811 cruenta

366 1847 480 1927 potita
506 1853 559 1910 est
580 1866 661 1930 pars
679 1846 884 1928 Auglorum.
937 1843 1029 1910 Acta
1054 1854 1136 1910 sunt
1161 1847 1235 1910 haee
1260 1847 1318 1910 die

368 1944 406 2008 M
410 1946 507 2023 artiS,
525 1963 588 2011 vll.
601 1945 670 2011 kal.
682 1945 706 2010 J
710 1967 765 2009 un.
778 1946 837 2029 [26
853 1945 971 2028 Maiip,
985 1947 1039 2010 die
1053 1946 1087 2010 S.
1102 1946 1293 2028 Augustini
1307 1968 1317 2027 ;

368 2047 467 2110 etsie
486 2047 613 2110 Martis
628 2047 684 2110 die
707 2047 869 2110 martium
888 2066 976 2128 opus
994 2047 1028 2109 in
1049 2047 1136 2109 mari
1153 2066 1318 2110 consum-

205 2164 358 2224 (1111111111
368 2153 499 2209 matum
528 2153 594 2210 est.
647 2145 781 2227 Magna
810 2165 891 2229 pars
924 2146 1016 2210 villae
1046 2145 1316 2227 Grantebrigiae,

205 2214 330 2303 iiliif¹⁶⁸⁰
368 2264 447 2308 cum
464 2246 608 2309 ecclesia
621 2245 663 2311 B.
681 2246 816 2323 Mariae,
833 2263 896 2310 vu.
910 2245 955 2312 id.
972 2246 995 2311 J
998 2245 1059 2310 ulii
1074 2246 1112 2328 [9
1126 2246 1150 2311 J
1153 2247 1218 2328 ul]
1233 2247 1317 2328 igne

368 2354 574 2426 consumpta
601 2351 665 2409 est.
722 2345 930 2423 Willelmus,
949 2348 1056 2410 abbas
1083 2346 1126 2410 de
1154 2347 1263 2424 Torn,
1279 2348 1316 2411 in

367 2443 441 2509 fata
456 2444 624 2524 decessit3
659 2446 714 2508 cui
740 2445 829 2524 Odo,
853 2445 1006 2529 ejusdem
1029 2447 1097 2510 loci
1124 2448 1315 2510 monachus

204 2563 355 2614 1111111111
367 2551 402 2608 et
434 2544 734 2629 eleemosynarius,
768 2546 942 2610 successit.
1012 2544 1188 2623 Alienora,
1221 2547 1317 2628 regis

204 2614 296 2705 mii
304 2668 327 2706 11
366 2642 506 2725 Angliae
522 2646 593 2709 filia
608 2646 848 2727 primogenita,
865 2646 983 2728 nupsit
999 2647 1136 2710 domino
1148 2644 1317 2724 Henrico,

204 2714 348 2806 ‘iiim'
365 2745 483 2809 comni
514 2746 556 2809 ae
594 2746 766 2823 uaroauc,
806 2745 897 2828 apuu
929 2745 1085 2822 ariston,
1122 2746 1241 2826 vigilia
1278 2746 1316 2811 s,

366 2843 530 2909 Matthaei
563 2843 725 2928 Apostoli
766 2842 826 2929 [20
861 2844 990 2931 Sept.],
1026 2845 1081 2909 die
1117 2845 1314 2913 Domiuiea.

367 2943 501 3009 Habita
514 2945 660 3010 victoria
675 2946 718 3010 de
735 2945 879 3028 paganis
899 2946 934 3009 in
957 2946 1044 3009 mari
1060 2945 1318 3011 Mediterraneo

366 3044 506 3125 quidam
547 3046 661 3127 pirata
704 3045 746 3109 de
784 3045 808 3110 J
811 3045 1019 3110 anuensibus
1060 3043 1315 3123 Bundensibus,

369 3143 559 3209 Zacharias
583 3145 709 3222 dictus,
727 3165 914 3226 eorumque
936 3145 1056 3227 spoliis
1080 3145 1224 3227 potitus,
1243 3147 1316 3208 eui-

368 3244 453 3308 libet
487 3245 638 3326 quinque
670 3264 793 3326 regum
823 3245 1110 3320 Christianorum,
1145 3245 1316 3322 videlicet,

370 3342 540 3421 Franciae,
555 3342 705 3424 Angliae,
723 3343 953 3421 Alemanniae,
972 3344 1153 3426 Hispaniae
1163 3351 1198 3408 et
1212 3342 1318 3427 prri

368 3441 547 3505 duodecim
572 3462 727 3524 paganos
750 3444 941 3507 transmisit
955 3445 1125 3526 captivos.
1177 3444 1320 3508 Domini

368 3560 478 3622 reges
512 3541 650 3623 Angliae
683 3543 774 3624 apud
811 3543 1048 3620 cantuariam,
1079 3551 1114 3607 et
1147 3542 1318 3623 Franciee,

367 3640 460 3723 apud
477 3639 895 3724 Boloniam-supra·mare
917 3642 1048 3708 Natale
1064 3643 1204 3708 Domini
1227 3644 1320 3707 eele-

366 3742 562 3810 bravernnt.

218 3863 346 3904 1111111.
412 3842 584 3906 Dominus
598 3860 672 3917 rex,
684 3841 739 3904 die
749 3842 783 3907 S.
795 3841 969 3919 Edwardi,
985 3841 1094 3924 Regis
1104 3847 1138 3905 et
1150 3841 1319 3924 Martyris

205 3930 336 4030 {gfffgm
368 3941 427 4022 [18
445 3942 567 4022 Mar.],
585 3960 662 4004 curn
685 3961 814 4024 magna
829 3942 1011 4006 devotione
1034 3941 1126 4023 apud
1149 3941 1316 4007 Sanctum

230 4057 236 4069 ·
366 4042 513 4107 accessit
546 4041 801 4120 Eadmundum,
833 4044 891 4107 ubi
917 4063 979 4124 per
1010 4043 1148 4106 unicam
1178 4051 1317 4115 noctem

366 4161 497 4206 moram
538 4142 705 4220 faciendo,
737 4142 887 4226 ejusdem
928 4142 995 4206 loci
1035 4147 1243 4228 conventum
1282 4143 1318 4206 in
