2918 4866
358 389 401 452 86
607 403 856 452 courruunrro
879 402 1056 451 canorum

359 555 1306 640 SeilredoCicestrensi,RicardoHerefordensi,Gode-

360 663 449 727 frido
474 662 714 739 Bathonionsi,
737 662 760 727 J
764 663 899 727 ohanne
926 660 1104 737 Hrofensi,
1126 657 1305 723 Beruardo

361 763 403 827 de
417 763 452 828 S.
469 763 584 828 David
601 763 771 838 Walensi,
788 762 931 826 Urbano
942 759 1227 842 Glamorgatensi
1241 777 1302 822 seu

363 863 593 940 Laudavensi,
610 862 727 927 David
743 862 993 944 Bangornensi.
1023 860 1196 925 Ricardus
1210 857 1305 920 Lun-

361 963 534 1028 doniensis
557 970 592 1026 et
615 962 807 1035 Rotbertus
823 959 1031 1026 Cestrensis¹
1043 961 1119 1045 jam
1138 959 1306 1034 obierant,

360 1083 423 1127 nec
438 1063 563 1145 aliquis
577 1064 612 1127 in
623 1061 740 1126 sedem
753 1063 891 1126 illorum
904 1080 945 1125 eo
957 1078 1067 1142 usque
1080 1065 1306 1123 successerat.

296 1184 298 1191 ⁴
361 1161 580 1227 'l’hurstanus
609 1170 736 1239 autem,
753 1161 984 1227 Eboraceusis
1013 1160 1306 1242 archiepiscopus,

359 1263 499 1326 directis
513 1263 645 1326 nuntiis
662 1281 703 1326 ac
716 1262 837 1338 literiS,
854 1260 1053 1325 rationabili
1069 1279 1177 1324 causa
1192 1266 1304 1323 osten·

359 1362 411 1426 dit
449 1382 486 1426 se
525 1363 711 1427 conventui
748 1362 816 1444 ipsi
861 1362 983 1425 adesse
1023 1379 1092 1423 non
1137 1359 1302 1442 potuisse.

361 1462 558 1526 Rannulfus
573 1482 668 1537 vcro,
680 1461 951 1526 Dunholmensis
966 1461 1160 1543 episcopus,
1177 1479 1218 1524 eo
1228 1467 1303 1522 ten·

359 1562 456 1639 dens,
482 1563 682 1626 infirmitate
708 1569 887 1644 correptus
905 1570 969 1637 est,
988 1580 1050 1623 nec
1065 1560 1132 1624 iter
1149 1566 1303 1641 coeptum

358 1663 523 1743 perficere
548 1663 673 1744 potuit,
697 1664 787 1726 sicut
814 1662 909 1744 prior
930 1660 1084 1724 ecclesiae
1112 1666 1148 1725 et
1176 1658 1302 1735 clerici,

359 1782 448 1844 quos
480 1762 562 1826 illuc
600 1763 785 1838 direxerat,
815 1763 879 1825 sub
918 1760 1115 1825 testimonio
1133 1759 1302 1835 veritatis,

359 1863 517 1927 attestati
545 1869 635 1927 sunt.
703 1861 943 1942 Wigornensis
974 1866 1090 1924 autern
1122 1860 1304 1941 episcopus

360 1960 478 2025 Simon
504 1963 547 2026 ad
573 1969 736 2044 parentes
758 1981 841 2026 suos
870 1969 967 2025 trans
996 1979 1091 2023 mare
1116 1960 1240 2035 iverat,
1268 1968 1303 2024 et

358 2062 510 2125 nondum
543 2081 701 2127 reversus
733 2069 820 2125 erat.
886 2060 1140 2155 Confluxerant
1165 2078 1304 2141 quoque

357 2161 441 2225 illuc
466 2180 602 2242 magnae
628 2161 867 2225 multitudines
892 2161 1106 2236 clericorum,
1124 2160 1303 2237 laicorum,

360 2266 432 2323 tam
462 2261 609 2325 divitum
635 2281 739 2345 quam
773 2261 1009 2338 mediocrium,
1040 2267 1075 2323 et
1105 2260 1218 2324 factus
1248 2268 1302 2325 est

358 2368 549 2425 conventus
561 2361 701 2444 grandis
714 2368 749 2426 et
763 2360 1023 2426 inaestimabilis,
1075 2360 1171 2424 Sedit
1186 2367 1303 2423 autem

360 2474 413 2524 111.
429 2461 561 2539 diebus,
579 2462 614 2525 id
639 2472 692 2526 est
719 2463 822 2526 tertio
842 2461 921 2525 idus
948 2460 1036 2524 Maii
1055 2460 1248 2544 [13Mai1],
1267 2468 1303 2524 et

358 2560 413 2623 die
436 2562 605 2643 sequenti,
624 2563 796 2644 tertioque
821 2569 900 2643 post
923 2561 1026 2638 hunc,
1044 2561 1104 2643 qui
1127 2560 1193 2624 fuit
1208 2577 1300 2626 xvir.

357 2658 428 2724 kal.
453 2661 476 2726 J
479 2662 551 2724 unii
569 2661 629 2743 [16
647 2663 761 2744 MaiiJ.
814 2659 906 2725 Acta
923 2668 1006 2725 sunt
1027 2661 1076 2725 ibi
1096 2661 1139 2724 de
1153 2661 1301 2741 negotiis

358 2762 570 2826 secularibus
596 2761 775 2840 nonnulla,
800 2762 959 2844 quaedam
981 2760 1119 2844 quidem
1141 2760 1301 2824 determi-

357 2867 450 2937 nata,
484 2862 644 2944 quaedam
678 2863 797 2939 dilata,
831 2861 990 2944 quaedam
1027 2880 1121 2938 vero,
1160 2867 1304 2943 propter

357 2961 501 3024 nimium
517 2963 699 3028 aestuantis
716 2964 828 3027 turbae
852 2962 1051 3038 tumultum,
1067 2960 1302 3025 abaudieritis

352 3061 584 3144 judicantium
613 3063 811 3146 profligata.
864 3061 954 3140 Quae
984 3067 1098 3125 autern
1129 3062 1302 3126 communi

357 3162 598 3244 episcoporum
627 3182 797 3228 consensu
821 3162 857 3225 in
885 3163 962 3244 ipso
990 3160 1136 3227 concilio
1163 3162 1303 3227 decreta

356 3269 438 3324 sunt
464 3267 499 3324 et
523 3269 666 3339 statuta,
683 3264 773 3328 sicut
795 3261 866 3325 illic
891 3262 1028 3344 publice
1051 3262 1197 3326 recitata
1220 3270 1302 3326 sunt

356 3366 392 3422 et
405 3369 577 3443 suscepta,
592 3362 627 3424 in
643 3363 708 3427 hoo
723 3381 826 3446 opere
841 3361 973 3443 placuit
984 3368 1163 3429 annotare.
1214 3361 1303 3426 Sunt

357 3459 465 3540 igitur
479 3460 576 3525 haeo.
1102 3512 1104 3517 ·

196 3574 332 3666 gencgeusngr
408 3576 432 3623 1.
458 3559 632 3626 Ecclesras
644 3567 679 3626 et
690 3559 925 3627 ecclesiastica
936 3560 1115 3637 beneficra,
1128 3580 1189 3626 seu
1200 3580 1300 3645 quos

357 3658 441 3723 libet
469 3660 723 3727 ecclesiasticos
751 3657 901 3726 honores
924 3662 1026 3726 vendi
1047 3661 1104 3727 vel
1132 3662 1211 3738 emi,
1240 3681 1301 3725 au·

355 3761 518 3824 ctoritate
539 3763 633 3826 beati
606 3762 767 3839 tPetri,
791 3762 1039 3844 Apostolorum
1064 3747 1242 3846 principis,
1266 3770 1302 3826 et

356 3866 487 3936 nostra,
524 3862 664 3926 omnino
702 3861 933 3945 prohibemus.
1003 3863 1074 3941 Qui
1115 3880 1197 3928 vero
1235 3863 1300 3926 hoc

355 3968 567 4044 praeceptum
602 3962 752 4026 violasse
789 3964 967 4028 convictus
1006 3962 1122 4042 fuerit,
1155 3965 1301 4028 clericus

525 4184 533 4218 ¹
560 4188 716 4251 Cestrensis]
734 4187 939 4240 conventrensis.
959 4191 1025 4243 Edit.
1037 4193 1085 4240 aad
1096 4192 1128 4242 L.
1170 4189 1171 4193 ’
