2918 4866
393 383 584 431 rnonnuru
613 384 892 432 wrconurnusrs
1067 369 1112 432 39

160 539 328 621 besbyriae
350 541 486 605 comitis
507 540 661 605 homines
680 541 714 605 in
739 541 800 606 illo
817 541 999 605 nonnullos
1020 543 1110 606 occi·
1123 562 1229 662 32:358?

161 638 307 705 derunt:
331 642 422 705 unde
439 661 503 706 rex
518 642 639 719 iratus,
656 642 911 725 expeditionem
927 643 995 706 cito
1011 662 1108 707 man·
1122 673 1188 712 may.

161 739 268 817 davit,
284 749 318 804 et
336 750 414 823 post
428 741 649 808 festivitatem
665 743 701 806 S.
718 742 899 807 Michaelis
918 744 1108 807 exercitum
1122 753 1258 794 Wssflrmin·

1121 806 1186 845 vades
1193 806 1270 845 Wales.

158 839 196 903 in
227 841 423 906 Waloniam
454 843 567 921 duxit,
598 844 714 926 ibique
750 843 904 907 homines
936 851 972 908 et
1001 863 1109 925 equos

161 942 382 1024 quamplures
408 944 567 1025 perdidit.
620 943 690 1022 Qui
713 944 791 1007 inde
816 964 988 1022 reversus,
1004 945 1109 1008 comi-

163 1047 229 1104 tem
265 1041 471 1107 Rotbertum
504 1043 548 1108 ad
581 1044 826 1128 Bebbanhyrig
856 1045 936 1108 duci
966 1053 1002 1109 et
1034 1045 1109 1129 ejus

160 1142 279 1206 oculos
297 1144 370 1206 erui
380 1143 498 1227 jussit,
514 1145 581 1208 nisi
598 1165 687 1209 uxor
710 1146 802 1209 illius
827 1165 868 1209 ac
894 1146 1109 1228 propinquus

160 1241 236 1325 ejus
257 1243 389 1307 Moreal
415 1252 566 1309 castrum
592 1245 792 1310 redderent:
817 1265 886 1329 qua
904 1247 1109 1310 necessitate
1121 1255 1237 1345 {garder
1250 1255 1274 1294 0¹

159 1343 339 1425 compulsi,
364 1343 544 1410 castellum
575 1346 816 1410 reddiderunt:
851 1365 965 1410 comes
992 1353 1109 1410 autem
1121 1356 1221 1406 borourh·

158 1442 240 1506 forti
261 1446 426 1510 custodiae
446 1446 694 1529 mancipandus
720 1447 763 1509 ad
777 1446 1033 1511 Windlesoram
1055 1454 1110 1510 est

158 1544 295 1620 ductus,
327 1545 462 1610 Moreal
494 1565 577 1611 vero
608 1547 710 1612 factae
743 1548 939 1612 traditionis
967 1566 1108 1611 causam

158 1645 233 1725 regi
247 1645 391 1711 detexit.

210 1746 479 1812 Dunholmensis
493 1750 676 1831 episcopus
692 1746 888 1812 Willelmus
906 1746 997 1829 apud
1008 1746 1108 1811 Win·
1129 1767 1155 1806 n.
1166 1766 1192 1805 n.
1204 1765 1261 1804 rua

159 1845 342 1925 dlesoram,
357 1849 393 1911 in
419 1850 516 1914 curia
542 1849 644 1930 regis,
668 1846 738 1911 kal.
755 1847 778 1910 J
782 1847 917 1910 aunarii
941 1847 978 1930 [l
996 1847 1019 1910 J
1022 1841 1258 1931 au.],{l¹1¹‚¹{,⁸ffi⁸¹{g·

158 1945 244 2010 foria
263 1965 321 2025 ru,
339 1950 506 2027 obiit,sed
523 1947 712 2013 Dunholmi
727 1954 781 2011 est
794 1947 961 2030 sepultus.
1001 1946 1108 2011 Octa·
1120 1943 1225 2032 llffggssor·

159 2047 213 2109 vis
251 2047 455 2130 Epiphanius
502 2048 595 2132 apud
642 2047 896 2131 Searesbyriam
936 2048 1109 2113 celebrato
1120 2095 1140 2135 d,
1148 2044 1215 2083 ΝΜ

1141 2097 1176 2136 Eu
1185 2103 1237 2132 van·

159 2147 316 2225 concilio,
333 2148 500 2214 Willelmi
521 2151 563 2216 de
587 2148 671 2212 Owe
688 2150 724 2211 in
741 2149 868 2213 duellio
883 2148 968 2213 victi
990 2149 1108 2213 oculos
1120 2144 1242 2196 qualern

1120 2196 1188 2245 slngle
1196 2203 1253 2233 ccm-

159 2266 278 2311 eruere
294 2256 328 2313 et
343 2250 521 2314 testiculos
544 2249 719 2313 abscidere
732 2269 741 2327 ;
765 2256 800 2312 et
813 2249 1003 2331 dapiferum
1016 2248 1109 2312 illius
1120 2245 1267 2348 mmm,

158 2347 371 2412 Willelmum
393 2351 436 2414 de
461 2349 594 2427 Alderi,
610 2349 718 2412 filium
742 2350 857 2413 amitae
878 2349 983 2425 iltius,
1000 2349 1105 2412 tradi-

160 2449 262 2512 tionis
292 2451 478 2531 conscium‚
505 2450 612 2534 jussit
639 2469 703 2513 rex
727 2449 910 2531 suspendi;
948 2450 1108 2514 comitem

159 2567 241 2612 vero
280 2548 434 2616 Odonem
470 2552 513 2615 de
548 2551 750 2632 Campania,
780 2549 936 2632 praedicti
977 2549 1109 2614 scilicet

159 2648 326 2731 Stephani
354 2659 501 2733 patrem,
533 2650 733 2733 Philippum
761 2651 892 2731 Rogeri
923 2650 1108 2714 Scrobbes·

159 2750 326 2833 byriensis
342 2753 477 2816 comitis
502 2752 622 2828 filium,
638 2759 673 2815 et
696 2751 865 2833 quosdam
890 2751 977 2814 alios
1001 2749 1107 2814 tradi-

160 2849 263 2913 tionis
277 2853 476 2957 participes,
494 2854 529 2916 in
554 2851 744 2917 custodiam
770 2851 895 2933 posuit.
942 2850 1107 2914 Urbanus
1120 2881 1262 2921 memor

159 2969 251 3032 papa
266 2954 361 3017 venit
383 2955 419 3016 in
436 2953 599 3029 Galliam,
616 2959 652 3016 et
667 2952 761 3034 apud
778 2951 918 3016 Clarum
938 2950 1106 3028 Montem,
1119 2933 1264 2973 ΜΝ·

160 3050 461 3134 Quadragesimali
486 3051 664 3136 tempore,¹
695 3053 826 3136 synodo
852 3051 1036 3128 celebrata,
1063 3051 1107 3114 ad

160 3152 306 3231 Turcos,
339 3154 561 3231 Sarracenos,
594 3154 823 3236 TurcopoloS,
858 3153 1013 3234 aliosque
1044 3171 1105 3233 pa·
1121 3174 1256 3225 roseum„

158 3273 268 3334 ganos
286 3255 517 3332 debellandos,
536 3254 726 3318 Ierusalem
751 3253 922 3336 proficisci
948 3252 1107 3317 hortatus
1119 3226 1223 3317 illidii?
1233 3225 1270 3264 ⁰¹⁶

158 3360 212 3417 est
228 3353 443 3420 Christianos
457 3377 466 3436 ;
491 3357 590 3439 cujus
616 3355 769 3431 hortatu,
785 3374 867 3417 mox
882 3355 918 3417 in
936 3354 1013 3435 ipsa
1025 3373 1106 3435 syu-

159 3453 225 3517 odo
263 3474 377 3520 comes
410 3457 444 3520 S.
476 3457 588 3538 Egidii
620 3454 848 3530 RaimunduS‚
892 3460 927 3517 et
959 3472 1037 3515 cum
1066 3472 1107 3516 eo

159 3553 260 3617 multi
280 3555 351 3633 alii,
370 3577 470 3621 cruce
492 3555 619 3621 Christi
643 3556 782 3637 signati,
798 3553 1107 3636 peregrinationem

159 3673 196 3716 se
211 3675 273 3736 pro
287 3655 364 3719 Deo
378 3659 564 3732 subituros
580 3663 614 3720 et
628 3655 718 3738 quod
735 3662 893 3719 suaserat
906 3659 1108 3738 peracturos

159 3754 426 3836 spoponderunt.
480 3755 616 3834 Quibus
645 3757 783 3831 auditis,
810 3755 852 3819 de
879 3754 995 3830 Italia,
1023 3753 1107 3818 Ger-

196 3959 202 3989 ¹
223 3965 434 4027 Quadrugesimuli
493 3964 621 4028 tempora]
646 3967 790 4015 andlasted
810 3966 873 4014 from
891 3965 934 4014 the
951 3964 1008 4013 rath
1025 3969 1051 4012 to
1067 3965 1109 4013 the

160 4033 281 4083 Florence
309 4050 363 4083 errs
391 4037 417 4083 in
449 4035 553 4097 placing
579 4035 621 4082 the
646 4037 706 4084 rath
742 4037 895 4085 November.
950 4035 998 4084 See
1038 4034 1108 4083 Will.

160 4103 267 4152 Council
295 4105 325 4153 os
350 4105 477 4155 Clermont
503 4107 530 4152 in
558 4105 623 4153 Lent
647 4106 784 4158 Malmesb.
805 4121 835 4156 11.
852 4122 878 4168 p.
899 4108 957 4167 snt,
971 4120 1034 4167 seqq.
1047 4103 1108 4154 edit.

159 4178 232 4224 loeo.
274 4175 300 4223 It
321 4176 380 4224 took
403 4177 476 4238 place
498 4176 524 4223 in
548 4179 623 4237 1095,
648 4177 679 4225 E.
694 4176 729 4225 H.
742 4177 768 4227 S.
