2918 4866
200 565 333 605 winchester
342 575 348 610 ;

197 617 216 656 ln
225 614 333 665 surprbed

358 369 423 434 194
611 375 860 431 esurirunrro
883 379 1058 429 curorucr

361 545 453 608 circu
475 541 604 606 festum
624 540 661 607 S.
685 540 856 610 Swithuni
881 535 1225 624 [151u1.],mu1tam
1247 559 1309 622 pe·

198 665 349 707 uniuersus.
362 644 498 709 cuniam
520 649 556 707 et
583 641 696 726 spolia
720 641 801 705 inde
822 641 967 716 detulit;
998 647 1034 704 et
1062 660 1132 705 non
1158 639 1321 704 multum--

362 753 454 828 post,
486 744 599 808 dictus
630 743 771 826 Symon,
805 741 897 806 filius
928 741 1063 807 comitis
1097 740 1309 817 Leioestriae,

362 864 477 910 comes
498 843 657 920 Oxoniae,
677 841 874 908 Willelmus
897 842 939 906 de
965 841 1088 906 Monte
1111 840 1253 918 uaniso,
1274 849 1311 906 et

364 944 464 1010 multi
496 945 556 1009 alii
589 943 733 1020 nobiles,
759 940 839 1006 dum
871 941 1069 1026 praesidium
1096 961 1146 1008 sc.
1171 941 1310 1006 comitis

366 1045 561 1134 Leicestriuc
572 1044 686 1109 facere
698 1042 839 1120 vellent,
852 1042 946 1126 apud
965 1041 1207 1108 Kenilwurthe
1222 1042 1310 1107 adn-

365 1152 503 1210 nantur.
556 1143 623 1209 Sed
645 1142 838 1208 Edwardus
858 1150 894 1207 et
913 1161 1028 1207 comes
1045 1141 1255 1218 Glovorniae‚
1272 1151 1312 1208 et

366 1246 426 1330 qui
454 1244 607 1309 cumeis
638 1250 749 1323 erunt,
780 1243 869 1309 olum
898 1244 1191 1326 supervenientes,
1214 1243 1311 1327 ipsos

367 1348 526 1411 incautos
541 1352 577 1409 et
590 1345 737 1409 inermes
752 1351 929 1426 ceperunt,
939 1343 1184 1426 spoliaverunt,
1194 1351 1232 1409 et
1247 1364 1311 1427 per

368 1447 506 1512 diversa
534 1446 672 1527 Angliae
703 1445 783 1510 loca
816 1444 983 1509 custodiae
1010 1445 1310 1528 mancipaverunt.

370 1547 517 1612 Factum
549 1553 603 1610 est
629 1546 722 1610 istud
748 1543 819 1609 kal.
850 1541 1004 1627 Augusti
1038 1541 1075 1629 [1
1104 1543 1236 1627 Aug.],
1253 1545 1318 1610 die-

266 1673 299 1703 ου
369 1647 525 1714 Sabbati.
579 1646 671 1710 Dum
700 1645 775 1710 baec
800 1645 851 1709 sic
876 1653 1073 1728 agerentur,
1099 1646 1202 1710 istius
1225 1645 1310 1711 lacti

227 1725 263 1754 Μ
316 1739 322 1752 ’
369 1748 481 1831 ignari
513 1744 654 1831 Symon,
688 1765 802 1811 comes
832 1745 1042 1823 Leicestriae,
1073 1753 1109 1810 et
1138 1747 1198 1830 qui
1228 1765 1310 1810 cum

369 1869 411 1914 eo
444 1856 555 1925 erant,
584 1848 749 1912 ducentes
778 1864 907 1929 regem,
940 1846 1151 1910 transierunt
1181 1847 1320 1911 flumen

370 1949 565 2024 sabrinum,
582 1949 657 2031 [ct]
670 1954 837 2012 venerunt
852 1965 961 2029 usque
976 1947 1161 2011 Evesham.
1214 1947 1322 2026 Quos-

371 2049 563 2114 Edwardus
585 2055 620 2112 et
643 2047 689 2112 G.
709 2048 752 2111 de
773 2046 888 2124 Clare,
903 2066 1017 2113 comes
1044 2046 1252 2124 Glovernioe,
1277 2056 1321 2113 ets

372 2148 596 2226 marchiones,
612 2168 689 2213 cum
706 2167 831 2230 magua
845 2148 1065 2231 insequentes
1078 2147 1322 2229 multitudine,¹¹

373 2249 615 2314 commiserunt
632 2268 712 2313 eum
734 2249 784 2312 eis
808 2247 970 2331 proelium
999 2253 1102 2311 extre
1124 2248 1321 2327 Evesham,

374 2367 414 2413 11.
440 2369 519 2413 non.
548 2345 701 2430 Augusti
731 2344 769 2432 [4
796 2346 917 2429 Aug.],
947 2348 1003 2411 die
1032 2347 1124 2416 Mar.
1175 2349 1219 2413 In
1242 2356 1322 2432 qno'

373 2449 570 2515 ceciderunt
591 2468 639 2512 sc.
663 2469 776 2513 comes
795 2448 1004 2526 Leicestriae,
1023 2448 1203 2514 Henricns-
1221 2448 1323 2514 filins*

375 2550 450 2635 ejus
480 2549 739 2633 primogenitus
774 2548 882 2630 Hugo
914 2548 1154 2631 Dispensator,
1179 2550 1317 2634 justiti·

376 2652 469 2715 arius
487 2648 638 2731 Angliae,
657 2658 693 2715 et
709 2650 779 2714 fere
795 2667 912 2713 omnes
928 2648 988 2713 alii
1006 2648 1138 2714 nobiles
1154 2670 1199 2714 ex
1214 2659 1325 2734 parte·

376 2752 468 2833 regis
500 2751 698 2814 existentes.
761 2748 944 2815 Walcnses
975 2768 1057 2814 vero
1087 2757 1122 2814 et
1153 2751 1240 2816 ulios
1271 2751 1325 2816 ud2

376 2852 557 2916 ecclesiam
580 2850 763 2933 fugientes,
790 2856 861 2914 tum
884 2849 975 2913 intra
1003 2849 1184 2916 ecclesiam
1210 2870 1325 2934 quem·

377 2959 491 3030 extra,
522 2950 731 3016 horribiliter
760 2949 1032 3026 trucidaverunt,
1058 2969 1140 3032 rege
1174 2959 1210 3016 et
1239 2952 1318 3016 aliis

377 3052 543 3116 ministris
582 3050 758 3133 regalibus
797 3050 909 3132 captis
945 3055 981 3113 et
1023 3049 1073 3114 sic
1109 3051 1321 3120 volentibus·

379 3152 509 3218 Eodem
520 3147 587 3228 dic,
600 3152 693 3216 circa
704 3152 825 3216 horam
836 3150 903 3214 diei
916 3150 1064 3226 tertium,
1078 3157 1177 3215 tanta
1190 3152 1321 3236 pluvias

379 3252 570 3329 inundatio,
583 3258 681 3316 tanta
698 3252 853 3316 tonitrua
868 3257 904 3314 et
929 3251 1133 3329 coruscatio,
1148 3259 1183 3317 et
1208 3259 1321 3318 tantus

380 3352 497 3415 densae
520 3353 670 3416 tenebrae
700 3352 901 3426 extiterunt,
928 3359 968 3415 ut
1003 3340 1093 3414 cum‘
1112 3358 1205 3416 esset
1233 3353 1322 3419 horu-

380 3452 516 3535 prandii
540 3452 600 3515 vix
629 3451 742 3514 cibum
769 3451 966 3533 appositum
992 3457 1180 3532 potuerunt
1205 3473 1326 3519 come-¹

261 3565 322 3604 arie
381 3552 500 3615 dentes
522 3550 649 3615 videre.
703 3551 783 3616 Hoc
804 3550 895 3614 bello
913 3551 963 3614 sic
984 3559 1138 3633 peracto,
1161 3573 1237 3631 rex,
1251 3556 1326 3638 ·qui

381 3652 481 3734 quasi
514 3652 550 3715 in
572 3651 729 3715 custodis
750 3670 860 3732 nuper
883 3650 1008 3728 fuerat,
1033 3650 1197 3717 familiam
1220 3673 1326 3719 susm

381 3750 535 3832 collegit,
566 3760 602 3816 et
631 3751 741 3815 multo
774 3751 1042 3815 numerosiorem
1073 3773 1175 3836 quum
1212 3757 1321 3837 priuS,

380 3871 500 3936 pacem
510 3851 729 3933 proclamans
739 3857 773 3914 et
782 3850 1033 3933 parlamentum
1045 3872 1144 3916 suum
1154 3854 1190 3917 in
1198 3854 1322 3921 Nutiv.

379 3955 491 4018 beatae
513 3952 638 4016 Mariae
658 3949 697 4032 [8
710 3950 825 4033 Sept]
847 3952 939 4034 apud
955 3951 1168 4017 Wintonism
1190 3955 1326 4043 denunf·

380 4055 487 4119 cians.
544 4051 610 4116 Ubi
631 4069 792 4133 magnam
814 4053 995 4134 pecuniam
1014 4054 1059 4117 ab
1074 4054 1230 4120 omnibus
1253 4056 1326 4122 fere

380 4153 520 4234 Angliae
536 4152 702 4235 preclaris,
716 4159 788 4216 tam
801 4160 1015 4235 paterqusm
1029 4152 1120 4218 filius
1138 4157 1327 4240 caeterique
