2918 4866
363 384 558 434 rnonnnrrr
586 384 867 433 wrcoanrnnsrs.
1030 368 1094 433 127

141 543 254 610 dendo
272 544 407 609 scilicet
422 543 579 622 castello,
593 543 806 625 infringeret.
852 541 902 607 At
916 544 975 607 ubi
991 544 1093 607 minis

141 645 207 711 fuit
229 645 370 709 territus
393 644 430 709 in
451 643 599 726 patibuli
622 644 860 726 suspensione,
886 644 1035 725 spondet
1056 663 1094 708 se

141 765 321 811 cessurum
353 744 484 828 petitis,
519 745 703 810 dummodo
742 743 933 826 periculum
967 744 1094 808 evadat

143 845 277 911 mortis.
329 845 427 909 Infra
451 851 623 911 statutum
650 845 741 909 diem
769 844 1005 908 conventionis
1034 844 1094 908 ille

143 947 317 1027 malignus
346 945 538 1013 Rotbertus
562 945 606 1008 ad
633 943 770 1026 praefati
796 944 819 1009 J
822 944 968 1008 ohannis
991 944 1093 1008 redu·

143 1048 235 1111 citur
252 1045 492 1130 praesentiam
517 1046 573 1109 cui
590 1045 734 1110 nunciat
749 1064 864 1108 comes
882 1045 999 1109 omnia
1016 1063 1094 1127 quae
1144 1097 1150 1109 .

145 1153 246 1229 gesta
271 1154 365 1223 sunt,
389 1145 561 1228 quomodo
590 1145 692 1209 minis
721 1146 862 1209 territus
891 1145 1095 1220 Rotbertus

145 1247 353 1330 promiserat
390 1264 429 1311 se
468 1244 683 1310 redditurum
721 1245 912 1310 castellum.
976 1245 1096 1325 Rogat

147 1348 252 1410 etiam
279 1347 404 1423 denuo,
433 1344 642 1409 Rotbertum
666 1345 710 1408 ad
735 1346 879 1410 Divisas
901 1365 1019 1409 secum
1046 1345 1096 1408 ire

146 1447 336 1531 permittat,
368 1465 409 1510 eo
441 1453 544 1528 pacto
584 1452 623 1510 ut
651 1446 681 1509 si
712 1445 871 1510 fortassis
908 1445 1096 1510 obtinuerit

148 1547 341 1624 castellum,
352 1545 425 1631 juri
442 1543 465 1609 J
468 1545 613 1611 ohannis
633 1547 756 1610 subeo
778 1546 970 1629 subigatur.
1023 1543 1097 1608 An·

147 1647 224 1713 nuit
237 1646 260 1712 J
264 1647 417 1713 ohannes
433 1646 592 1728 precibus
606 1646 755 1723 comitis,
771 1647 830 1728 qui
844 1647 1003 1729 protinus
1018 1664 1096 1709 curn

149 1747 321 1814 Rotberto
347 1747 436 1811 redit
462 1746 505 1809 ad
537 1747 690 1811 Divisas.
743 1746 888 1812 Interim
917 1747 1006 1811 idem
1034 1745 1057 1810 J
1060 1767 1097 1810 o-

150 1847 292 1925 hannes,
315 1847 429 1913 missis
454 1845 563 1911 literis
584 1847 629 1910 ad
655 1866 715 1911 eos
741 1847 801 1930 qui
828 1855 932 1911 extra
958 1846 1015 1909 vel
1038 1847 1098 1928 qui

148 1948 240 2016 infra
255 1947 437 2015 castellum
455 1953 567 2024 erant,
577 1946 805 2031 jurejurando
817 1947 963 2031 juravit,
981 1966 1043 2010 nec
1059 1965 1098 2010 se

149 2068 212 2113 nec
245 2049 406 2114 comitem
438 2046 570 2130 aliquid
608 2049 761 2112 facturos
797 2048 990 2120 Rotbert0;
1032 2047 1097 2111 boc

149 2149 324 2214 duntaxat
338 2156 459 2229 agant,
473 2155 513 2212 ut
531 2147 768 2232 juramentum
783 2149 816 2211 in
839 2168 907 2212 non
929 2147 1098 2211 tradendo
1121 2167 1124 2171 ’

151 2249 255 2315 alicui
285 2247 430 2317 castello
462 2248 604 2313 firmiter
634 2256 787 2313 teneant.
857 2247 1004 2313 Relictis
1038 2268 1098 2311 ex·
1110 2267 1196 2357 flssgssf

152 2348 407 2417 constabulario
431 2356 467 2414 at
494 2349 643 2430 quodam
669 2349 802 2432 potenti
819 2349 896 2413 viro
922 2330 1124 2412 Hunfrido¹'
1110 2319 1184 2407 dl.
1172 2329 1233 2408 ’ἰι

153 2456 189 2518 et
210 2449 416 2532 quibusdam
434 2448 525 2526 aliis,
541 2468 656 2513 comes
673 2448 876 2513 Glaorniam
900 2449 1098 2526 revertitur,
1111 2420 1153 2508 1ιῖἰ
1149 2420 1202 2519 ’ξῖἒῖ

152 2551 320 2617 mandans
359 2550 516 2614 omnibus
555 2555 594 2613 ut
631 2550 663 2615 si
707 2549 898 2614 Rotbertus
940 2556 1100 2613 renueret

152 2659 276 2732 sponte
300 2649 442 2715 reddere
464 2648 657 2726 castellnm,
681 2647 975 2731 suspenderetur.¹
1027 2650 1100 2714 Re-

153 2751 228 2817 noit
256 2751 445 2827 Robertus,
478 2757 629 2815 renuunt
660 2759 695 2815 et
729 2749 794 2822 soi,
830 2768 873 2813 ne
902 2748 1101 2813 viderentur

153 2851 293 2934 perjuri.
345 2849 439 2930 Quid
465 2849 609 2915 multisi
663 2849 713 2915 Ut
734 2857 846 2914 terror
869 2849 1027 2913 omnibus
1049 2849 1100 2912 in-

154 2959 342 3028 artaretur,
356 2951 491 3016 duobus
512 2951 695 3033 nepotibus
723 2950 886 3015 Rotberti
902 2951 1000 3032 prius
1022 2969 1098 3013 sus-

155 3053 282 3132 pensis,
316 3051 392 3135 ipse
422 3057 545 3133 captus
578 3051 813 3132 suspenditur.
880 3051 950 3115 Per
984 3050 1100 3114 omnia

155 3151 353 3221 benedictus
392 3151 502 3227 Deus,
537 3151 597 3233 qui
629 3151 817 3216 tradidit
806 3151 939 3233 impios.
1006 3148 1100 3213 Ante
1114 3167 1204 3207 aarum
1204 3168 1250 3206 bert

153 3249 437 3335 assumptionem
462 3251 601 3315 Sanctae
623 3250 747 3315 Mariae
763 3251 824 3332 [15
839 3248 964 3332 Aug.],
984 3270 1100 3315 comes
1114 3270 1131 3309 ιι
1112 3218 1244 3308 Ψιιι,ΜΗ

155 3349 362 3417 Glocestriae
386 3370 505 3416 versus
524 3351 733 3416 Batboniam
756 3351 866 3416 movit
886 3351 1098 3430 exercitum3

154 3459 192 3517 at
216 3472 282 3520 rex
306 3452 544 3535 exploratores
568 3451 680 3517 multo
705 3459 786 3516 ante
811 3452 1039 3533 praemiserat,
1062 3460 1101 3516 ut

155 3551 312 3617 hostibus
335 3552 479 3619 insidias
503 3551 696 3628 tenderent,
723 3560 759 3615 et
782 3551 972 3616 fortissima
995 3571 1100 3616 manu

156 3671 194 3716 se
208 3660 244 3721 et
260 3672 325 3718 sua
339 3652 570 3717 defenderent.
623 3652 681 3715 Fit
702 3652 820 3734 itaque
837 3671 1041 3734 progressus
1067 3658 1102 3715 et

155 3771 387 3834 congressus.;
408 3751 488 3816 hinc
513 3751 662 3817 militum
683 3752 788 3834 regis,
812 3753 905 3816 iuter
922 3772 1010 3836 quos
1033 3751 1101 3816 duo

157 3852 282 3916 milites
304 3860 416 3928 erant,
434 3851 612 3917 lohannes
633 3859 669 3917 et
690 3852 864 3934 Rogerus,
881 3853 946 3917 viri
971 3851 1104 3916 strenui

157 3960 192 4017 et
207 3952 383 4029 bellicosi;
406 3952 502 4017 illinc
517 3952 707 4017 satellitum
724 3954 873 4018 comitis.
910 3952 1106 4074 capiuntur

1184 2317 1242 2364 ,and

190 4099 430 4173 'Suspenderetur.]
448 4106 518 4167 Here
532 4108 562 4155 C.
575 4107 730 4158 terminatas
757 4107 835 4156 what
846 4107 931 4156 follow
907 4120 954 4167 ιιι,
965 4067 991 4153 to
1003 4104 1044 4152 tbc
1055 4103 1104 4152 ond

129 4174 134 4181 '
154 4177 183 4226 of
191 4176 283 4238 1141‚·
275 4191 298 4225 ιι
309 4175 373 4226 from
383 4176 426 4225 tbe
437 4176 480 4225 old
490 4160 590 4238 printed
601 4182 663 4226 text
