2918 4866
391 401 584 448 rnonnrvru
612 402 890 450 wicoarueusrs.
1059 386 1122 450 101

166 560 301 642 phanus
319 559 484 643 Angliam
511 561 625 637 rediit,
645 561 734 624 etin
753 559 786 623 N
790 560 951 624 ativitate
976 559 1117 626 Domini
1131 577 1223 627 barben

165 660 257 742 apud
282 661 552 743 Dunstapolam,
569 660 686 726 villam
704 661 878 742 quandam
893 661 930 723 in
949 660 1117 725 Bedlord-
1130 632 1247 729 ffdffdd

164 760 238 822 ensi
253 762 433 842 provincia
448 762 563 836 sitam,
579 762 709 824 curiam
728 780 826 824 suam
844 761 965 825 tenuit.

215 860 455 925 Romanorum
488 878 593 924 xcix.
627 861 820 936 Conradus,
854 861 927 923 dux
960 860 1116 925 Bavvari-
1141 879 1272 920 nonus.

164 978 274 1038 orum,
304 981 411 1044 nepos
440 961 585 1025 Henrici
614 961 814 1042 superioris,
842 961 901 1042 qui
935 960 1056 1026 habuit
1080 944 1262 1046 inffffldn'

162 1060 416 1143 imperatricem
435 1061 542 1125 filiam
563 1062 654 1143 regis
671 1060 865 1142 Anglorum
890 1059 1047 1137 Henrici‚
1062 1082 1116 1126 re·

163 1163 285 1242 gnavit
300 1164 400 1226 annis
421 1178 488 1227 ΧΠ.
543 1162 635 1226 Olim
656 1162 821 1242 temporis
846 1181 932 1242 gens
955 1162 1114 1243 quaedam
1127 1179 1259 1242 mussant

163 1261 207 1323 ab
236 1263 425 1343 aquilonali
453 1269 553 1344 parte
577 1262 730 1337 veniens,
756 1260 962 1343 Turingiam
986 1270 1114 1327 terram
1126 1232 1236 1271 mum

162 1359 378 1426 incolendam
406 1364 623 1444 penetravit3
648 1362 746 1445 cujus
776 1370 878 1425 terrae
909 1362 1044 1439 incolae,
1075 1371 1114 1429 ut

162 1460 269 1542 ipsius
304 1471 434 1526 exterae
474 1475 575 1526 terrae
613 1460 762 1545 populus
802 1463 989 1543 expetiere,
1021 1463 1113 1527 haud

162 1562 330 1626 modicam
348 1564 403 1626 sui
424 1562 596 1627 incolatus
618 1563 813 1644 portionem
829 1562 880 1624 illi
898 1582 1111 1629 concessere.

162 1659 281 1725 Crevit
292 1662 441 1745 populus
453 1670 488 1726 et
503 1663 753 1745 multiplicatus
766 1669 819 1726 est
832 1663 943 1727 nimis.
990 1662 1112 1744 Longo

103 1778 106 1785 ·
161 1759 281 1843 elapso
301 1769 456 1845 tempore
474 1763 625 1827 debitam
641 1762 806 1844 Turingis
823 1764 999 1843 abnegant
1017 1763 1111 1826 dedi-

157 1861 299 1926 tionem.
356 1862 436 1941 Qua
466 1864 508 1926 de
537 1883 573 1926 re
605 1883 682 1927 cum
717 1864 833 1940 armis,
859 1870 898 1926 ut
924 1863 1029 1926 moris
1057 1874 1111 1928 est

158 1960 267 2024 eidem
302 1964 406 2044 genti,
439 1964 642 2027 convenitur
675 1964 849 2046 utrinque,
884 1972 923 2027 ut
955 1963 1109 2028 debitum

159 2062 321 2142 exigatur
332 2071 368 2127 et
383 2064 613 2145 persolvatur.
660 2062 702 2126 Id
718 2082 801 2126 saue
816 2062 922 2126 semel
934 2072 969 2127 et
983 2064 1108 2127 iterum

157 2161 231 2224 sine
249 2162 390 2227 vulnere
408 2170 523 2227 tamen
539 2165 721 2244 agebatur,
736 2165 839 2228 tertio
855 2164 928 2225 sine
943 2164 1048 2227 armis
1064 2165 1109 2229 ab

159 2269 307 2346 utraque
336 2272 435 2345 parte
465 2265 529 2327 sub
556 2264 652 2346 pacis
683 2263 812 2327 foedere
841 2264 1024 2328 convenire
1051 2264 1108 2328 de·

157 2363 319 2428 cernitur.
365 2363 576 2428 Exterorum
590 2364 741 2446 plurima
755 2363 941 2428 multitudo
956 2363 1108 2429 sentiens

157 2462 428 2528 imbecillitatem
451 2464 699 2544 Turingorum,
724 2473 759 2528 et
783 2483 846 2527 uec
875 2464 1019 2529 consilio
1044 2485 1108 2529 nee

157 2561 359 2629 fortitudine
375 2565 463 2628 bene
477 2565 552 2644 regi
570 2572 698 2628 terram
712 2563 863 2639 illorum,
880 2564 1106 2629 conveniunt:

158 2670 291 2728 statuto
311 2665 366 2728 die
387 2664 545 2729 condicto
568 2664 697 2747 placito
716 2684 753 2727 se
776 2665 951 2745 ingerunt,
968 2664 1003 2727 in
1025 2684 1107 2728 cau·

158 2764 262 2827 telam
285 2773 319 2829 et
337 2764 484 2829 tutelam
506 2765 560 2828 sui
584 2765 707 2843 longos
729 2763 860 2828 cultros
885 2763 1107 2844 invaginatos
1202 2848 1204 2853 A

156 2864 193 2927 in
223 2865 426 2930 abscondito
460 2885 577 2928 secum
608 2870 780 2946 gerentes..
834 2862 918 2926 Non
946 2862 981 2925 in
1009 2864 1107 2945 pacis

155 2982 337 3042 consensu,
362 2965 422 3028 sed
447 2965 482 3029 in
509 2964 721 3028 dissensione
748 2983 877 3044 magua
904 2962 1107 3045 placitatum

154 3072 219 3127 est.
272 3064 365 3142 Quid
394 3065 535 3128 multisl
587 3065 735 3146 Turingi
760 3064 959 3139 vincuntur,
986 3069 1108 3127 extera

154 3183 240 3244 gens
273 3174 308 3228 et
342 3165 446 3228 effera
478 3166 691 3248 triumphat,
718 3184 796 3226 nam
823 3164 1004 3244 longorum
1034 3163 1107 3226 cul-

153 3271 286 3328 trorum
298 3265 374 3349 jam
391 3267 656 3347 evaginatorum
671 3264 851 3340 exercitio,
867 3264 905 3326 lit
923 3263 959 3325 in
981 3256 1103 3326 Turin-

156 3383 220 3444 gos
239 3385 307 3429 non
332 3365 468 3429 modica
490 3366 670 3446 sanguinis
697 3364 829 3427 effusio.
881 3362 937 3427 De
953 3370 1045 3426 terra
1071 3372 1107 3428 et

154 3463 198 3526 de
221 3465 427 3545 cognatione
455 3485 519 3528 sua
544 3465 693 3546 Turingi
721 3463 961 3546 propelluntur
983 3463 1106 3527 incolae

154 3563 190 3625 in
208 3564 416 3644 ignominia:
441 3565 512 3629 fere
529 3573 604 3629 tota
620 3573 711 3628 terra
727 3564 864 3627 illorum
877 3564 968 3626 cedit
979 3564 1105 3644 quibus

152 3663 274 3728 rotalis
308 3665 472 3729 arriserat
507 3664 647 3729 fortuna
677 3665 712 3726 in
745 3664 900 3727 victoria.
964 3662 1105 3727 Mutato

153 3761 301 3845 denique
316 3766 465 3841 nomine,
478 3785 555 3847 quae
573 3765 616 3828 ad
632 3765 666 3828 id
683 3764 849 3845 temporis
862 3763 1045 3843 Turingia,
1059 3784 1104 3826 ex

152 3862 267 3944 longis
285 3865 435 3929 cultellis
453 3865 513 3928 sed
534 3865 728 3929 victoriosis
746 3862 964 3945 postmodum
979 3870 1105 3925 vocata

152 3971 220 4039 est,
231 3984 302 4027 non
311 3965 479 4041 Saurania,
491 3965 550 4027 sed
564 3964 714 4045 Anglico
731 3963 900 4026 elemento
914 3959 1103 4027 Saeuonla.1

662 4082 711 4088 .-
860 4080 1099 4088 ..m——

184 4144 191 4173 ¹
213 4147 278 4196 Olim
289 4148 420 4210 temporis.
434 4185 439 4197 .
456 4148 613 4210 .Soexoniu.]
636 4149 698 4197 This
710 4148 831 4197 tradition
849 4148 872 4195 is
885 4147 949 4194 from
961 4145 1104 4194 Widukiud

149 4216 233 4284 (apud
246 4218 371 4280 Leibnitz‚
383 4223 443 4269 tom.
456 4219 474 4269 i.
487 4235 514 4280 p.
527 4223 569 4281 73,
580 4215 638 4282 up).
