2918 4866
365 379 430 444 120
618 397 866 446 conrrnnnrro
889 397 1064 446 cnnomcr

366 554 410 618 ad
432 561 569 637 portam
592 573 654 637 per
675 552 900 618 coemiterium
924 553 1192 634 deportavlmus
1243 549 1318 616 Ad·

366 655 510 719 versarii
534 654 744 736 conglobati,
762 653 985 717 accelerando
1008 653 1183 716 munimen
1206 653 1317 735 quod·

365 755 446 818 dam
464 755 688 820 fortissimum
714 755 750 817 in
772 754 915 818 australi
938 761 1038 834 parte
1055 752 1218 830 civitatis,
1236 771 1316 835 pro·

366 863 443 937 pter
460 855 640 919 castellum
662 855 779 932 situm,
794 854 940 937 primurn
958 854 1183 936 impugnante
1207 853 1317 921 nostri

366 955 500 1020 fortiter
515 963 550 1019 et
560 955 706 1019 viriliter
722 955 892 1019 resistere.
932 954 1065 1017 Hostes
1079 953 1157 1017 inde
1174 952 1317 1036 repulsi,

366 1056 530 1137 quoniam
546 1054 617 1119 olla
639 1073 807 1118 succensa
825 1061 935 1131 erant,
953 1053 1053 1137 cujus
1068 1053 1173 1117 facies
1191 1072 1213 1116 a
1230 1052 1317 1117 facie

367 1155 552 1239 aquilonis,
575 1153 783 1237 aquilonalis
805 1154 915 1235 partis
943 1154 1096 1217 civitatis
1122 1154 1316 1234 ingressum

366 1253 519 1337 petunt.¹
590 1254 699 1318 Nullo
738 1255 900 1317 obstante
934 1253 1133 1330 munimine,
1166 1253 1316 1317 hostium

367 1354 614 1436 copiosissima,
637 1354 866 1430 rabidissima,
888 1360 923 1417 et
947 1360 1023 1417 tota
1045 1353 1181 1416 effrenis
1203 1353 1318 1417 multi·

368 1454 451 1519 tudo
478 1454 598 1533 intrat,
620 1455 656 1517 in
682 1453 828 1518 diversis
853 1453 939 1516 locis
961 1455 1075 1534 ignem
1101 1453 1318 1516 aedibus-im·

367 1554 484 1618 mittit.
531 1554 625 1618 Proh
644 1554 754 1632 dolor,
772 1552 984 1617 comburitur
1000 1573 1069 1617 non
1086 1554 1220 1617 modica
1235 1572 1317 1635 pars

367 1654 520 1719 civitatis
548 1675 611 1738 per
632 1654 721 1731 loca,
748 1654 806 1718 sed
832 1653 1043 1737 majorppars
1069 1654 1192 1717 stando
1217 1661 1319 1735 paret

367 1755 494 1818 inusta.
546 1754 817 1837 Supellectilium
832 1753 1046 1817 diversarum
1061 1754 1097 1816 in
1115 1753 1268 1830 civitate,
1282 1761 1318 1819 et

367 1855 404 1918 in
427 1856 564 1918 ruribus
589 1856 706 1932 boum,
722 1855 851 1931 ovium,
867 1854 1078 1931 animalium,
1099 1860 1134 1917 et
1150 1872 1318 1935 equorum

369 1954 409 2018 fit
423 1956 576 2018 maxima
594 1954 725 2038 praeda.
777 1954 925 2018 Plurimi
942 1974 1004 2036 per
1020 1955 1114 2017 vicos
1132 1962 1167 2018 et
1182 1954 1318 2036 plateas

369 2055 565 2136 capiuntur,
593 2063 628 2119 et
654 2056 751 2119 velut
777 2055 813 2117 in
843 2054 968 2137 copula
996 2073 1120 2118 canum
1148 2055 1319 2119 constrin-

369 2162 510 2235 guntur,
535 2162 569 2219 et
593 2155 835 2220 miserabiliter
855 2156 1084 2218 abducuntur.
1137 2153 1236 2218 Licet
1257 2154 1318 2218 ha·

368 2255 485 2330 beant,
514 2255 594 2318 licet
622 2274 691 2319 non
719 2256 882 2333 habeant,
911 2263 1079 2339 quantum
1108 2255 1246 2319 crudele
1278 2274 1317 2318 os

368 2354 505 2418 illorum
535 2357 717 2432 censuerit,
740 2357 775 2418 in
805 2356 1075 2437 redemptionem
1099 2356 1153 2418 sui
1181 2354 1318 2439 jureju-

368 2455 476 2518 rando
485 2455 686 2537 promittere
704 2454 890 2519 etreddere
907 2455 1172 2539 compelluntur.
1207 2453 1319 2519 Gesta

368 2562 451 2617 sunt
476 2554 550 2619 haeo
577 2556 633 2619 die
662 2575 732 2638 qua
757 2555 899 2620 intravit
924 2556 1058 2633 bruma,
1083 2555 1216 2619 miseris
1244 2556 1318 2619 sine

367 2653 471 2718 dubio
497 2655 593 2719 dura.
645 2656 726 2721 Jam
755 2655 882 2738 praedis
906 2656 1030 2739 captiS,
1056 2655 1319 2739 quampluribus

369 2753 500 2818 aedibus
530 2757 629 2832 arsiS,
660 2757 711 2820 sio
744 2755 957 2819 debacchata
990 2762 1144 2820 remeant
1173 2755 1319 2820 rabidis-

368 2854 457 2918 sima
485 2863 612 2932 castra,
639 2856 675 2919 in
696 2875 806 2938 prava
827 2875 912 2920 cura
935 2855 997 2921 tali
1024 2875 1200 2939 nunquam
1227 2855 1317 2919 redi·

367 2960 459 3018 tura.
528 2956 718 3020 Tricesimo
749 2956 804 3020 die
840 2956 969 3020 mensis
1003 2955 1172 3021 Novemb.
1202 2974 1318 3020 comes

368 3054 521 3118 civitatis
552 3055 755 3137 Wigornam
787 3057 892 3133 venit,
927 3056 1197 3120 combustionem
1232 3055 1317 3120 civi·

368 3154 463 3231 tatis,
479 3161 518 3219 ut
531 3155 629 3232 vidit,
644 3155 804 3233 indoluit,
820 3156 864 3219 ad
886 3156 1048 3240 injuriam
1072 3157 1127 3219 sui
1143 3156 1177 3219 id
1200 3163 1316 3220 actum

367 3253 441 3317 fore
468 3255 649 3336 persensit.
703 3255 804 3320 Unde
833 3256 1008 3320 vindicare
1036 3275 1073 3319 se
1098 3255 1231 3332 volens,
1256 3255 1320 3320 sti-

367 3361 471 3434 patus
487 3373 593 3418 manu
610 3355 757 3419 militum
774 3353 1008 3438 Suthlegiam,2
1027 3356 1131 3431 adiit3
1161 3355 1318 3420 audierat

369 3451 459 3515 enim
479 3453 502 3518 J
505 3453 675 3518 ohannem
695 3454 844 3519 Haroldi
866 3456 987 3532 filiurn,
1002 3455 1138 3520 deserto
1163 3475 1258 3539 rege,
1274 3455 1317 3519 ad

369 3550 670 3618 Glaocestrensem
701 3555 861 3619 comitem
892 3555 1097 3633 divertisse;
1143 3556 1202 3618 ubi
1234 3554 1317 3637 quid

367 3671 481 3715 comes
491 3656 600 3734 egerit
611 3655 641 3717 si
653 3656 830 3737 quaeritur,
839 3655 901 3720 vix
913 3656 1087 3719 memoriae
1097 3653 1320 3718 tradendum:

368 3751 497 3815 malum
514 3773 576 3835 pro
603 3755 695 3818 malo
722 3754 882 3831 reddidit,
905 3755 941 3818 in
957 3755 1154 3820 hominibus
1169 3774 1249 3819 oum
1265 3774 1321 3818 re·

367 3852 432 3915 bus
448 3871 566 3916 eorum
580 3862 616 3919 et
633 3855 840 3919 animalibus
855 3856 1010 3937 praedam
1026 3856 1099 3936 egit
1110 3863 1145 3918 et
1160 3854 1321 3933 abduxit,

367 3959 402 4016 et
435 3954 586 4017 crastino
616 3954 820 4035 Wigornam
852 3955 964 4019 rediit.
1017 3955 1104 4018 Post
1135 3954 1209 4019 haec
1243 3973 1322 4032 rex,

401 4124 536 4180 ¹Hoetes.
551 4166 557 4180 .
571 4165 578 4180 .
592 4131 716 4194 petunt]
741 4131 775 4178 So
800 4131 830 4180 C.
855 4127 1322 4192 ‘erant’isapparentlyanerrorsor

364 4198 415 4247 und
436 4200 495 4250 edit.
532 4202 561 4249 C.
585 4201 660 4249 omits
683 4202 715 4249 ‘a
738 4199 830 4261 facie;'
855 4195 943 4250 ‘erat‘
994 4197 1197 4263 'Sutlugiaml
1215 4200 1322 4263 Sudely.
