2918 4866
354 400 547 449 rnonnuru
575 397 856 449 wroonurnusrs.
1012 381 1078 447 261

128 567 284 625 nostrum
323 582 430 645 grave
467 569 586 644 posset
616 562 775 643 generari
809 560 1025 644 periculum,
1043 568 1078 626 et

128 661 330 743 corporibus
348 662 475 726 nostris
495 672 531 726 et
552 662 654 726 rebus
675 682 743 725 non
767 661 946 724 minimum
967 661 1075 725 immi-

128 768 226 825 neret
252 762 508 837 detrimentum,
540 769 671 826 sanctae
701 761 904 844 paternitati
940 761 1074 844 suppli·

129 879 260 937 camus,
287 868 460 942 quatenus
491 862 594 925 alicui
622 860 917 943 suffraganeorum
943 861 1075 924 archie-

129 961 263 1044 piscopi
290 960 459 1025 Cantuar.
494 961 584 1024 detis
614 961 651 1025 in
683 960 869 1037 mandatis,
892 967 932 1024 ut
953 980 1016 1024 nos
1039 967 1074 1024 et

129 1060 284 1125 haeredes
301 1068 440 1124 nostros
456 1061 500 1124 ad
517 1060 671 1143 praefatae
686 1061 783 1142 pacis
797 1061 1073 1125 observationem

128 1160 324 1242 compellat,
348 1165 451 1242 prout
481 1161 518 1224 in
543 1161 782 1224 instrumentis
808 1160 886 1224 inde
909 1159 1075 1225 consectis

128 1259 262 1342 plenius
281 1261 495 1335 continetur3
522 1261 609 1324 alias
625 1279 729 1342 super
743 1259 863 1324 eadem
878 1279 964 1342 pace
982 1259 1075 1342 quod

128 1361 331 1424 canonicum
366 1359 471 1423 fuerit
513 1361 721 1425 auctoritate
756 1366 872 1424 restra
912 1360 1076 1425 statuatis

128 1459 411 1537 contradictores,
450 1466 516 1524 ete.
585 1460 632 1525 Et
671 1458 715 1523 ad
754 1457 855 1522 istius
894 1459 1074 1540 petitionis

128 1566 256 1623 nostrae
278 1559 605 1624 consummationem
623 1559 787 1642 praesenti
807 1559 937 1642 scripto
959 1559 1076 1641 sigilla

53 1711 55 1715 Α
129 1668 247 1723 nostra
262 1661 498 1744 apposuimus.

172 1757 275 1823 Anno
315 1760 436 1842 gratiae
476 1774 640 1822 Mcxclv.
679 1758 802 1824 statuit
845 1778 909 1824 rex
953 1758 1074 1823 Ricar-
1088 1791 1190 1842 vamum,

129 1859 206 1932 duS,
242 1859 330 1923 diem
359 1858 578 1923 coronatonis
611 1877 684 1922 suae
718 1859 810 1941 apud
835 1844 1195 1942 Wintoniam,¹¹5¹,¹,¹,¹,{‘1,?,{,1¹

1087 1944 1163 1984 claime

127 1959 163 2021 in
183 1958 311 2024 Clauso
330 1957 476 2023 Paschae
500 1959 558 2039 [17
574 1956 689 2041 Apr.].
735 1958 894 2022 Secundo
920 1959 974 2022 die
997 1977 1074 2040 per·
1088 1993 1204 2033 mum.

129 2060 221 2123 rexit
253 2079 315 2124 rex
346 2065 461 2141 usque
484 2057 666 2141 Glypston,
694 2065 817 2122 contra
849 2043 1240 2140 Willelmum,¹5‘³„¹,},?,¹,¹{¹,’1„„,1⁸

128 2179 245 2242 regem
272 2160 411 2236 Scotiae,
438 2165 473 2222 et
497 2159 598 2241 petiit
623 2177 742 2223 omnes
766 2159 827 2242 qui
844 2159 938 2240 capti
955 2144 1216 2240 erant²ffssaf¹¹2ff

128 2258 164 2322 in
199 2260 349 2324 castellis
390 2259 433 2323 de
471 2258 685 2339 Notingham
719 2268 754 2324 et
793 2259 836 2323 de
880 2257 1000 2341 Tykill
1043 2264 1077 2321 et
1089 2243 1225 2285 mmmm·

132 2359 330 2440 Marleberg
372 2366 407 2423 et
450 2357 677 2441 Longcastre,
718 2366 754 2423 et
794 2359 831 2422 in
876 2359 1000 2423 Monte
1040 2357 1075 2422 S.

131 2458 325 2536 Michaelis,
349 2459 442 2541 quod
459 2459 682 2522 convenirent
699 2458 743 2522 ad
760 2478 838 2522 eum
854 2458 945 2541 apud
963 2457 1076 2540 Wyn-

130 2560 260 2623 toniam
289 2560 324 2622 in
349 2560 502 2623 crastino
530 2557 649 2622 Clausi
674 2559 832 2622 Paschae.
885 2557 1004 2621 Tertio
1021 2557 1076 2620 die

131 2658 284 2742 ejusdem
310 2659 449 2736 mensis,
472 2657 656 2722 Dominica
682 2659 718 2722 in
744 2658 888 2734 Palmis,
906 2657 989 2721 fecit
1012 2677 1076 2720 rex

130 2757 269 2840 Angliae
294 2777 424 2823 moram
460 2757 553 2841 apud
581 2756 764 2842 Clypston,
791 2764 826 2821 et
854 2777 918 2821 rex
948 2756 1076 2820 Scotiae

132 2858 224 2940 apud
249 2858 425 2942 Wirsope,
452 2864 592 2940 propter
615 2859 704 2922 diem
734 2858 941 2923 solemnem:
976 2863 1011 2920 et
1040 2856 1077 2918 in

132 2958 283 3022 crastino
319 2969 464 3040 uterque
514 2977 576 3020 rex
616 2959 710 3022 venit
752 2958 843 3041 apud
887 2955 1075 3020 Suthwell:

132 3059 254 3139 quinto
276 3058 331 3121 die
343 3057 504 3141 ,ejusdem
518 3057 657 3134 mensis,
671 3057 775 3121 iidem
791 3075 892 3138 reges
909 3062 1077 3120 venerunt

132 3158 224 3240 apud
249 3156 458 3236 Maltonam,
487 3157 546 3220 ubi
574 3176 639 3221 rex
669 3157 796 3221 Scotiae
822 3155 923 3238 petiit
950 3174 973 3218 a
995 3174 1076 3234 rege

131 3256 269 3339 Angliae
298 3257 484 3339 dignitates
514 3263 549 3320 et
577 3256 738 3335 honores,
767 3275 854 3339 quos
885 3254 1076 3337 praedeces-

132 3377 228 3421 sores
243 3358 298 3420 sui
315 3356 510 3421 habuerunt
525 3357 561 3419 in
579 3355 719 3440 Anglia.
772 3356 880 3420 Petiit
901 3355 991 3418 idem
1013 3374 1077 3424 rex

131 3458 333 3521 comitatum
375 3455 634 3520 Northumbriae
651 3461 653 3464 ’
670 3465 705 3521 et
736 3454 1010 3520 cumberlandiae
1043 3462 1078 3519 et

131 3556 432 3622 Westmerlandiae
465 3563 501 3620 et
533 3557 727 3620 comitatem
761 3556 804 3621 de
839 3555 1078 3636 Longcastriae

130 3657 196 3720 sibi
212 3656 308 3721 reddi
328 3657 371 3720 de
393 3655 473 3739 jure
497 3655 787 3738 praedecessorum
807 3674 960 3719 suorum.
1013 3653 1079 3718 Cui

131 3776 193 3820 rex
219 3756 358 3839 Angliae
382 3755 571 3838 respondit,
596 3775 633 3820 se
658 3756 916 3821 satisfacturum
944 3754 976 3817 ei
999 3761 1079 3835 post

130 3856 312 3920 consilium
322 3858 489 3921 baronum
505 3875 656 3920 suorum.
688 3856 843 3938 Septimo
857 3854 913 3917 die
926 3852 1077 3935 ejusdem

167 4040 174 4069 ¹
198 4041 371 4105 Wiatottt'um.]
395 4039 458 4091 This
476 4054 532 4089 was
550 4039 594 4087 Ri·
657 4069 721 4122 'Ca
737 4073 759 4120 η·
780 4068 879 4132 emp]
909 4069 992 4117 These
1014 4082 1081 4117 were

131 4113 233 4194 cliurd's
251 4112 344 4162 second
359 4110 513 4172 coronation‚
530 4109 596 4158 alter
622 4144 664 4194 the
677 4144 804 4206 parumn
812 4137 1082 4191 ofhisbwthmohn·

130 4183 172 4232 lus
183 4187 269 4233 return
280 4182 343 4232 from
354 4182 397 4232 the
409 4181 527 4231 crusade.
