2918 4866
372 359 436 423 112
618 377 865 427 conruens-uo
889 377 1068 431 cunonrcr.

370 542 499 612 cerant,
521 555 589 599 non
612 536 670 599 diu
693 555 751 599 eos
773 536 908 618 insequi
933 543 1139 617 potuerunt;
1164 537 1320 618 alioquin

369 641 404 698 et
419 636 530 717 ipsum
546 657 673 718 regem,
692 636 850 700 etlilium
871 637 959 719 ejuS,
977 646 1012 701 et
1028 655 1147 699 omnes
1164 636 1222 718 qui
1239 656 1317 699 cum

369 753 410 798 eo
426 745 536 812 crant,
556 736 609 800 vel
627 738 818 800 tenuissent
833 736 888 800 vel
906 737 1008 799 morti
1024 736 1209 800 dedissent.
1262 737 1317 800 De

368 836 477 916 ipsius
503 845 617 900 tamen
639 837 794 909 exercitu
817 856 924 918 prope
940 836 1057 900 decem
1078 836 1186 900 millia
1207 837 1241 899 in
1265 836 1317 899 di·

367 937 477 999 versis
507 936 591 1000 locis
620 936 828 1013 ceciderunt,
853 944 887 1000 et
911 937 1033 1000 err-'eis
1063 936 1180 1000 electis
1205 955 1316 1019 usque

369 1035 413 1098 ad
428 1037 680 1118 quinquaginta
702 1036 796 1118 capti
817 1043 908 1100 sunt.
961 1035 1042 1118 Ipse
1058 1055 1141 1100 vero
1161 1038 1315 1101 maximo

368 1135 490 1199 timore
503 1143 538 1200 et
552 1136 717 1200 dedecore
729 1135 1041 1217 aufugitdeviotus.
1078 1135 1315 1200 cancellarius

367 1235 454 1318 ejus,
470 1235 666 1300 Willelmus
683 1235 817 1312 Cumiu,
843 1256 863 1300 a
882 1236 1133 1301 Dunholmensi
1152 1237 1316 1320 episcopo

367 1337 562 1414 tenebatur,
587 1336 647 1400 sed
672 1338 746 1420 jam
774 1355 797 1399 a
827 1336 971 1400 vinculis
1001 1336 1147 1414 solutuS,
1180 1338 1314 1418 gratias

367 1436 441 1517 agit
459 1437 548 1514 Deo,
563 1445 732 1518 exoptans
749 1456 965 1519 summopere
982 1457 1024 1500 ne
1039 1457 1191 1520 unquam
1209 1438 1312 1502 talem

365 1534 494 1600 incidat
510 1538 746 1619 quaestionem.
784 1536 893 1600 Filius
909 1544 1024 1600 autem
1042 1538 1133 1618 regis
1148 1557 1226 1601 cum
1242 1559 1313 1602 uno

365 1641 500 1699 tantum
527 1637 635 1701 milite
663 1637 706 1700 ad
731 1636 853 1702 Carlor
879 1638 983 1719 pedes
1010 1638 1116 1713 venit,
1142 1647 1241 1720 patre
1268 1639 1313 1702 ad

366 1734 575 1801 Rokesburh
591 1757 653 1819 per
661 1737 768 1800 silvas
784 1748 819 1800 et
834 1737 943 1800 saltus
959 1738 1017 1801 vix
1036 1738 1215 1801 evadente.
1257 1738 1313 1802 In-

365 1838 609 1901 numerabilem
636 1837 756 1901 habuit
779 1838 978 1913 exercitum,
1001 1845 1073 1901 tam
1095 1838 1138 1901 de
1155 1837 1312 1916 Francis

364 1955 468 2017 quam
488 1937 530 2000 de
545 1935 680 2018 Anglis
697 1937 837 2014 ScottiS,
856 1944 890 2000 et
906 1937 1194 2015 Galweiensibus,
1209 1946 1245 2002 et
1268 1940 1312 2003 de

364 2038 520 2100 omnibus
535 2037 656 2101 insulis
672 2056 750 2118 quae
771 2037 814 2100 ad
830 2057 868 2100 se
884 2044 920 2100 et
940 2036 984 2100 ad
1005 2057 1105 2101 suum
1122 2038 1308 2103 dominium

364 2138 593 2216 pertinebant.
631 2137 686 2200 De
702 2138 860 2201 ducentis
875 2137 1026 2200 loricatis
1043 2137 1206 2201 militibus
1223 2159 1310 2221 quos

364 2234 497 2314 habuit,
523 2257 591 2299 uon
622 2237 688 2300 nisi
718 2254 800 2302 xlx.
827 2244 1045 2318 reportarunt
1074 2238 1209 2315 loricas,
1229 2240 1312 2321 quia

363 2355 472 2418 prope
489 2337 603 2401 omnia
620 2356 697 2418 quae
724 2337 845 2400 habuit
870 2337 1015 2419 quisque
1034 2337 1187 2420 praedam
1203 2338 1312 2403 hosti-

363 2437 428 2499 bus
461 2436 620 2518 reliquit3
651 2436 741 2500 uude
767 2438 920 2501 maxima
948 2439 1060 2520 spolia
1085 2437 1127 2501 de
1154 2440 1310 2504 exercitu

362 2535 451 2619 ejus,
468 2545 540 2601 tam
561 2537 603 2600 de
619 2538 716 2619 equis
739 2545 773 2601 et
791 2539 895 2601 armis
915 2545 950 2601 et
967 2538 1129 2614 vestibus,
1146 2540 1309 2620 quamde

297 2711 299 2719 Ι
361 2637 517 2717 plurimis
548 2639 650 2701 rebus
681 2637 816 2719 direpta
848 2645 940 2702 sunt.
1006 2637 1186 2702 Eustatius
1217 2638 1309 2703 filius

361 2735 532 2802 Johannis
547 2759 623 2801 cum
641 2757 681 2801 eo
699 2737 802 2814 venit,
826 2746 859 2801 et
884 2737 1030 2801 eundem
1051 2757 1129 2801 cum
1151 2757 1192 2802 eo
1207 2739 1307 2803 finenr

360 2836 502 2914 invenit,
519 2839 577 2921 qui
597 2839 656 2901 vix
674 2858 752 2901 cum
772 2839 844 2902 vita
859 2838 903 2901 ad
920 2838 1099 2901 castellum
1115 2858 1216 2902 suum
1234 2841 1310 2904 vul-

361 2950 502 3002 neratus
519 2938 666 3019 aufugit.
705 2938 908 3002 Extiterunt
923 2938 982 3002 isti
998 2936 1103 3002 fortes
1120 2939 1154 3001 in
1171 2941 1307 3004 nomine
1366 2965 1368 2970 ·

362 3036 504 3115 Christi,
530 3058 576 3102 ex
608 3037 776 3121 Stephani
812 3044 911 3120 parte
943 3038 1034 3119 regis
1069 3038 1195 3101 bellum
1228 3060 1306 3122 per-

361 3145 517 3218 agentes,
554 3157 668 3202 comes
703 3138 745 3201 de
780 3136 956 3215 Albemar,
999 3138 1219 3202 Beomardus
1263 3140 1306 3204 dc

361 3237 488 3314 Bailol,
504 3237 563 3302 alii
585 3247 620 3301 et
642 3237 771 3319 plureS,
791 3258 905 3302 comes
929 3248 1042 3302 tamen
1060 3239 1134 3320 ipse
1158 3238 1304 3303 multum

359 3340 520 3401 strenuus
536 3339 571 3400 in
589 3338 654 3401 hoo
672 3339 858 3401 certamine
882 3339 957 3402 luit.
1010 3338 1090 3402 Rex
1106 3359 1188 3403 vero
1209 3339 1309 3403 Scot-

359 3437 417 3500 tiae
447 3456 524 3501 cum
556 3455 715 3501 reversus
745 3437 878 3514 fuisset,
911 3446 949 3502 ut
982 3457 1064 3501 suos
1095 3439 1306 3504 confortaret

358 3555 463 3618 seque
489 3537 738 3614 consolaretur,
767 3537 945 3601 castellum
972 3537 1064 3620 quod
1091 3538 1185 3620 prius
1207 3540 1305 3603 obse-

358 3634 468 3713 derat,
490 3637 580 3701 unde
604 3657 626 3700 a
650 3638 774 3702 comite
793 3636 998 3701 Mellentino
1014 3636 1155 3718 fugatus
1178 3637 1303 3717 suerat,

358 3736 566 3817 qnodWerc
584 3737 637 3800 vel
653 3736 796 3809 Curram
813 3736 949 3814 dicitur,
967 3745 1001 3801 et
1017 3728 1074 3802 est
1086 3737 1245 3802 Walterii
1262 3739 1305 3803 de

357 3835 459 3916 Spec,
489 3838 646 3900 omnibus
681 3837 823 3912 viribus,
854 3843 889 3899 et
924 3837 1041 3901 multis
1072 3837 1231 3918 ingeniiS,
1270 3847 1305 3904 et

356 3936 463 3999 variis
478 3936 711 3999 molitionibus
729 3936 883 3999 obsedit:
911 3938 970 4001 sed
987 3937 1248 4001 defendentibus
1267 3959 1305 4003 se

355 4036 501 4100 viriliter
516 4043 551 4099 et
567 4037 739 4099 obstinate
753 4036 963 4112 castellanis,
974 4036 1056 4099 nihil
1072 4039 1211 4101 omnino
1228 4057 1303 4120 pro-

354 4136 456 4201 ficere
482 4137 605 4220 potuit.
659 4135 856 4200 Exilierunt
884 4137 972 4201 enirn
999 4137 1074 4220 J'am
1105 4137 1233 4222 saepius
1262 4140 1304 4203 de
