2918 4866
361 399 427 463 250
617 411 865 460 courruunrro
888 409 1066 459 onnorucr

359 568 576 652 primerein.''
630 568 732 632 Unde
752 568 851 632 vobis
867 568 1070 632 mandamus
1084 567 1178 651 qnod
1197 564 1320 629 cadem

360 669 499 732 faciatis
530 670 567 732 in
599 667 771 733 chronicis
801 669 937 744 vestris,
968 668 1011 732 ad
1043 675 1243 750 perpetuam
1270 665 1321 728 roi

359 778 470 850 gestae
491 770 703 844 memoriam,
721 769 890 831 annotari.
938 767 1043 831 Teste
1065 768 1234 847 magistro
1258 765 1320 828 W.

360 869 403 931 do
432 867 605 945 Marchia,
634 868 788 932 thesaur.
812 877 942 943 nostro,
977 866 1069 948 apud
1096 866 1320 930 Wcstmona-

359 969 516 1044 sterium,
532 985 588 1031 rx.
613 967 667 1031 dic
691 965 791 1044 Juiii,
808 985 897 1030 anno
928 968 1025 1047 regni
1051 967 1161 1031 nostri
1186 964 1322 1030 decimo

363 1086 468 1143 nono,
485 1087 547 1149 par
562 1069 667 1132 breve
682 1067 725 1130 dc
741 1065 880 1148 privato
894 1066 1035 1148 sigillo?

405 1166 547 1249 Hyring
585 1165 651 1229 fuit
684 1167 815 1248 primus
848 1185 910 1228 rex
947 1167 1008 1248 qui
1047 1165 1207 1245 regnavit
1238 1171 1321 1247 post

198 1247 235 1276 ⁰¹²¹
282 1263 287 1275 '
360 1266 550 1330 Britannos
571 1266 606 1328 in
625 1264 930 1329 Northehumbria.
984 1263 1242 1328 Nordhnmbria
1261 1270 1320 1327 ost

359 1385 381 1430 a
403 1384 530 1447 magno
554 1365 695 1429 flumine
712 1365 872 1428 Humbro
891 1361 1033 1451 (vocata
1051 1383 1072 1427 a
1089 1383 1171 1446 rege
1192 1362 1321 1426 Huno-

359 1486 447 1541 rum,
472 1466 631 1529 Humber
657 1466 704 1528 ibi
733 1461 876 1548 vocato)
899 1482 1008 1546 usquo
1043 1463 1087 1526 ad
1116 1482 1210 1528 marc
1239 1462 1318 1525 Fri-

361 1566 482 1644 sicum,
495 1565 587 1648 quod
605 1584 695 1628 nunc
712 1571 857 1630 vocatur
869 1550 1072 1640 Scotticum,
1084 1564 1167 1644 quia
1179 1561 1319 1644 Anglos

361 1673 396 1729 ct
429 1664 566 1729 Scottos
599 1664 732 1728 dividit.
802 1663 902 1727 Marc
928 1662 1097 1726 Frisicum
1125 1662 1319 1726 vocabatur

361 1765 564 1846 antiquituS,
593 1764 674 1845 qnia
710 1763 880 1826 Freson'os
915 1781 993 1826 cunr
1023 1762 1133 1828 Danis
1161 1781 1255 1843 saepo
1282 1769 1319 1826 et

362 1865 566 1929 creberrime
582 1865 740 1927 solebant
766 1863 814 1926 ibi
838 1880 916 1926 cum
938 1863 1086 1925 navibus
1108 1862 1180 1925 suis
1203 1861 1317 1943 appli-

361 1973 507 2040 caract
533 1970 654 2046 postea
678 1983 755 2027 cum
781 1961 910 2026 Scottis
937 1970 972 2026 ct
995 1961 1104 2025 Pictis
1123 1961 1318 2025 Northum·

361 2064 470 2127 briam
505 2064 698 2128 devastare.
763 2061 852 2126 Haec
884 2063 980 2143 regio
1008 2069 1143 2143 postca,
1170 2061 1318 2125 diversis

360 2163 599 2226 occasionibus
624 2171 659 2226 ct
690 2162 796 2227 variis
824 2161 1033 2239 infortuniis,
1060 2161 1176 2225 multis
1205 2161 1317 2224 modis

360 2262 471 2326 divisa
493 2263 570 2325 fuit.
624 2261 713 2325 Haec
733 2280 815 2325 vcro
830 2262 1015 2325 distributa
1031 2260 1097 2325 fuit
1119 2281 1187 2324 non
1203 2261 1316 2325 multo

360 2368 514 2443 tempore
539 2367 619 2443 post
648 2362 683 2423 in
714 2360 850 2425 duabus
876 2361 1095 2441 regionibus:
1130 2360 1166 2423 in
1195 2360 1319 2438 Deira,

360 2460 532 2538 videlicet,
556 2469 592 2524 ot
618 2461 787 2524 Bernicia.
846 2461 954 2524 Deira
982 2460 1073 2525 enim
1100 2466 1153 2523 est
1179 2479 1201 2523 a
1225 2479 1316 2542 prae·

358 2559 453 2624 dicto
477 2560 618 2625 flumine
645 2560 805 2624 Humber
825 2579 934 2642 usquc
955 2560 999 2623 ad
1025 2560 1162 2635 Tinam‚
1184 2559 1221 2621 in
1245 2578 1317 2642 qua

359 2661 519 2741 regnavit
544 2668 684 2724 sanctus
713 2678 776 2723 rex
804 2667 840 2722 ct
863 2666 994 2742 martyr
1020 2659 1193 2735 Oswinus,
1217 2658 1318 2741 cujus

360 2779 484 2841 corpus
501 2780 591 2823 nunc
608 2759 792 2841 requiescit
806 2758 897 2840 apud
916 2758 1175 2822 Tinmoutham.
1229 2757 1317 2821 Bor-

359 2860 451 2922 nicia
482 2876 565 2922 vero
597 2868 651 2923 est
681 2860 717 2922 in
747 2876 817 2939 qua
849 2865 989 2922 sanctus
1021 2878 1083 2922 rex
1116 2865 1151 2921 et
1185 2863 1318 2941 martyr

361 2958 543 3022 Oswaldus
571 2959 741 3040 regnavit,
767 2957 939 3034 videlicet,
966 2976 988 3021 a
1015 2957 1108 3021 Tina
1131 2975 1241 3038 usque
1270 2957 1315 3020 ad

360 3077 455 3122 marc
481 3059 617 3122 Scotiae.
665 3056 923 3122 Nordhnmbria
946 3056 1068 3120 deindo
1092 3063 1216 3120 vocata
1237 3054 1317 3134 fuit,

360 3157 546 3239 aliquando
577 3177 622 3222 ex
654 3156 812 3219 Humbcr
853 3175 963 3238 usquc
999 3157 1043 3220 ad
1079 3156 1218 3232 Tosam,
1252 3157 1318 3220 ali-

361 3258 498 3339 quando
517 3257 560 3320 ad
587 3256 725 3333 Tinam,
742 3255 928 3336 aliquando
945 3257 987 3319 ad
1008 3256 1197 3335 Twedam3
1223 3276 1316 3320 nunc

362 3375 444 3420 vero
476 3356 560 3418 nihil
594 3356 660 3418 nisi
693 3353 880 3437 quantum¹
915 3364 969 3419 est
1000 3357 1090 3420 inter
1122 3354 1248 3418 Tinam
1279 3363 1315 3420 et

200 3455 537 3523 cenearogyorTwedam.
591 3455 646 3518 De
662 3454 714 3518 his
728 3455 797 3519 ista
813 3453 997 3519 sufficiunt.
1050 3453 1190 3537 Hyring
1206 3455 1317 3536 igitur

201 3525 310 3615 iiiiii?
320 3526 344 3564 ⁰¹⁸
363 3554 551 3637 praedictus
563 3555 684 3635 genuit
694 3552 868 3619 Wodnam
883 3575 1021 3637 regcm3
1041 3554 1183 3619 Wodna
1199 3561 1316 3619 autem

362 3673 427 3717 rex
459 3655 580 3736 genuit
610 3653 776 3735 Withglis
808 3673 944 3735 regom3
982 3654 1163 3739 Wythglis
1195 3656 1317 3736 genuit

362 3754 480 3818 Horse
497 3771 634 3834 rogom3
659 3753 776 3818 Horse
791 3773 855 3817 rex
873 3754 995 3836 genuit
1013 3755 1153 3838 Uppam
1171 3773 1314 3835 regem,

275 3902 281 3907 -
364 3855 468 3936 Uppa
490 3873 571 3917 vcro
599 3854 718 3935 genuit
744 3854 877 3936 Eppam
902 3873 1038 3935 regcm3
1073 3855 1175 3937 Eppa
1196 3856 1318 3936 gennit

362 3953 544 4035 Ermering
583 3973 720 4034 regem3
760 3953 941 4036 Ermering
972 3974 1035 4018 rex
1065 3955 1187 4034 genuit
1215 3953 1317 4018 Idam

362 4074 500 4136 regem3
553 4061 787 4134 regnaverunt
828 4054 864 4116 in
907 4061 1000 4117 terra
1046 4053 1321 4137 Northamhym-

465 4203 471 4232 ¹
492 4207 565 4255 Nilu'l
576 4207 624 4255 uisi
636 4205 774 4269 quantum]
793 4207 863 4255 Here
876 4207 917 4255 the
929 4211 984 4255 text
995 4221 1077 4256 seems
1088 4206 1223 4256 defective.
