2918 4866
245 398 267 461 4
617 412 828 461 cuuouicou

86 589 226 630 Yorkburnt·
247 572 332 638 etin
348 571 492 636 ecclesia
509 570 628 635 Sancti
650 571 747 635 Petri
765 578 819 635 est
840 569 1006 652 sepultus.
1059 568 1196 633 Octavo

247 670 649 757 posthuncdie,scilicet,
660 670 816 735 xnukal.
828 670 990 734 Octobris
1002 669 1195 751 [19Sept,],

250 772 416 850 Sabbata
450 772 643 835 Normanni
673 772 733 854 qui
765 772 909 834 castella
944 769 1197 846 custodiebant,

251 873 411 936 timentes
427 892 470 934 ne
482 872 615 947 domus
629 891 707 953 quae
724 863 832 954 prope
846 870 990 934 castella
1008 877 1118 946 erant,
1136 868 1197 931 ad·

245 972 405 1057 jumenta
428 972 539 1036 Danis
561 970 605 1033 ad
626 970 818 1055 implendas
844 971 956 1034 fossas
979 970 1197 1034 castellorum
1243 996 1247 1003 ·

251 1078 379 1148 essent,
394 1073 473 1153 igne
490 1090 549 1135 eas
569 1070 776 1135 succendere
792 1077 994 1153 coeperunt;
1019 1069 1079 1152 qui
1097 1069 1198 1132 nimis

251 1191 467 1249 excrescens,
503 1178 613 1235 totam
641 1170 819 1234 civitatem
850 1170 991 1248 invasit,
1023 1174 1197 1233 monaste·

89 1303 200 1343 risuu-
250 1273 408 1355 riumque
426 1271 461 1337 S.
482 1270 579 1335 Petri
593 1290 671 1334 cum
685 1271 761 1354 ipsa
776 1271 999 1352 consumpsit.
1051 1269 1120 1333 Sed
1134 1267 1200 1333 hoc

87 1354 222 1454 bilbili?
251 1372 382 1436 ultione
412 1371 530 1435 divina
562 1371 727 1435 citissime
757 1372 792 1434 in
822 1371 871 1434 eis
901 1369 1111 1434 vindicatum
1145 1376 1200 1433 est

87 1454 212 1495 ΜΝ*
251 1472 466 1554 gravissime.
526 1470 561 1534 N
564 1491 618 1534 am
637 1471 836 1555 priusquam
863 1477 939 1534 tota
963 1469 1087 1534 civitas
1109 1475 1202 1534 esset

251 1574 443 1648 combusta,
471 1571 607 1635 Danica
638 1571 758 1635 classis
787 1570 998 1654 supervenit,
1030 1569 1116 1634 seria
1148 1586 1200 1647 11.,

251 1681 287 1737 et
310 1670 463 1736 castellis
486 1671 604 1735 eodem
625 1671 680 1736 die
697 1671 828 1749 fractis,
844 1679 879 1735 et
898 1672 976 1753 plus
997 1670 1107 1734 tribus
1121 1669 1200 1733 mil-

252 1771 342 1836 libus
368 1793 413 1836 ex
439 1771 652 1838 Normannis
675 1771 866 1849 trucidatis,
882 1769 1058 1835 Willelmo
1086 1769 1198 1835 Malet

251 1892 329 1936 curn
346 1892 410 1937 sua
424 1872 572 1956 conjuge
598 1878 633 1937 et
656 1872 790 1935 duobus
817 1871 946 1948 liberis,
963 1870 1108 1952 aliisque
1123 1890 1198 1955 pcr-

251 1974 385 2055 paucis‚
400 1972 481 2035 vitae
504 1971 700 2047 reservatis,
717 1991 825 2035 naves
842 1990 920 2034 cum
941 1971 1127 2034 innumeris
1144 1990 1199 2034 re·

88 2085 235 2176 Willttpntus
251 2073 381 2155 petiere
402 2073 583 2135 manubiis.
636 2071 739 2150 Quod
759 2072 819 2136 ubi
847 2071 920 2153 regi
939 2071 1090 2135 innotuit
1111 2069 1201 2135 Wil-

88 2148 206 2278 {tffplum
253 2172 367 2250 lelmo,
396 2172 551 2236 exercitu
577 2190 659 2235 mox
684 2178 908 2254 congregato,
937 2172 973 2234 in
1008 2171 1043 2233 N
1046 2170 1201 2254 orthym-

138 2263 144 2284 ’
252 2272 362 2336 briam
396 2271 537 2336 efferato
576 2273 775 2355 properavit
806 2272 932 2350 animo,
966 2290 1110 2354 eamque
1141 2290 1204 2353 per

253 2378 361 2436 totam
387 2372 531 2436 hiemem
555 2372 749 2450 devastare,
771 2373 994 2455 hominesque
1016 2371 1201 2449 trucidare,

89 2487 158 2578 iffi:
158 2488 221 2586 3111ng
254 2479 290 2536 et
322 2472 433 2535 multa
469 2471 564 2536 mala
595 2491 663 2536 non
693 2474 852 2537 cessabat
886 2470 1014 2554 agere.1
1062 2470 1203 2536 Interea

90 2588 189 2629 uariam.
254 2573 384 2637 nuntiis
406 2572 450 2635 ad
481 2572 653 2637 Danicum
676 2573 834 2636 comitem
857 2572 1049 2637 Esbcmum
1076 2573 1203 2648 missiS,

253 2672 439 2756 spopondit
465 2693 502 2737 se
525 2673 683 2738 clanculo
705 2672 865 2737 daturum
890 2673 1031 2738 illinon
1057 2672 1202 2736 modicae

254 2793 423 2838 summam
445 2775 612 2857 pecuniae,
630 2780 664 2838 et
688 2775 931 2857 permissurum
948 2774 1091 2838 licenter
1105 2792 1204 2836 exer-

254 2874 335 2939 citui
352 2895 415 2939 suo
430 2876 559 2940 victum
580 2875 645 2938 sibi
667 2875 758 2939 circa
775 2875 869 2958 ripas
885 2875 989 2938 maris
1009 2892 1142 2955 rapere,
1160 2892 1203 2936 ca

253 2981 369 3038 tamen
384 2975 588 3058 interposita
608 2975 815 3051 conditione,
838 2982 877 3038 ut
896 2974 970 3036 sine
993 2992 1111 3057 pugna
1132 2972 1203 3037 dis·

255 3074 390 3138 cederet
414 3083 555 3157 peracta
580 3075 702 3139 bieme.
755 3074 821 3138 Ille
843 3081 958 3137 autem
982 3074 1057 3137 auri
1083 3092 1204 3154 argen-

256 3172 351 3256 tique
379 3175 479 3237 nimis
515 3174 649 3252 avidus,
682 3194 749 3238 non
784 3173 859 3237 sine
886 3193 1013 3254 magno
1040 3174 1205 3253 dedecore

92 3280 232 3372 fflffifl
257 3273 311 3335 sui
333 3274 451 3355 petitis
479 3275 658 3338 concessit.
705 3275 740 3337 N
743 3275 916 3337 ermannis
949 3272 1115 3358 Angliam
1141 3293 1203 3338 va·

91 3382 138 3422 brt·
258 3373 441 3450 stantibus,
457 3374 493 3436 in
504 3373 753 3456 Nortbymbria
764 3374 1014 3456 etquibusdam
1031 3374 1108 3438 aliis
1126 3393 1206 3456 pro-

258 3471 381 3535 vinciis
407 3492 496 3536 anno
519 3473 738 3556 praecedenti,
761 3474 821 3536 sed
843 3475 1007 3557 praesenti
1029 3481 1064 3537 et
1087 3476 1206 3539 subse-

258 3572 379 3652 quenti
404 3572 474 3636 iere
505 3593 566 3655 per
607 3580 717 3637 totam
748 3572 922 3656 Angliam,
960 3575 1112 3637 maxime
1144 3595 1206 3657 per

258 3669 542 3755 Northymbriam
571 3680 605 3738 et
629 3675 894 3756 percontiguas
919 3673 970 3737 illi
997 3676 1206 3757 provincias,

257 3770 344 3834 adeo
359 3769 467 3835 fames
481 3773 676 3854 praevaluit,
694 3782 734 3838 ut
748 3774 902 3844 homines
925 3776 1099 3858 equinam,
1116 3777 1206 3839 cani-

258 3889 349 3948 nam,
367 3873 544 3950 cattinam,
560 3881 595 3937 et
611 3893 748 3937 carnem
765 3875 981 3940 comederent
996 3876 1190 3940 humanam.

102 3980 228 4024 Mem·
301 3971 467 4037 Willelmi
489 3973 753 4037 Heresordensis
776 3976 909 4039 comitis
935 3983 970 4039 et
989 3977 1205 4059 quorundam

103 4045 214 4138 Q
262 4069 403 4137 eliorum
435 4073 590 4149 consilio,
625 4080 780 4155 tempore
815 4074 1116 4156 Quadragesimali
1147 4076 1207 4158 [17

566 4229 573 4264 ¹
590 4233 652 4284 Sex.
664 4234 758 4286 chron.
770 4250 793 4284 a.
807 4240 880 4284 1068.
