2918 4866
369 392 434 458 258
624 395 870 456 concinorum
893 394 1067 455 canonici

371 567 407 624 et
434 555 609 622 redeundo
633 577 655 622 a
680 555 788 634 curia,
815 563 851 620 ct
878 557 913 619 in
946 554 1114 621 morando
1147 556 1319 634 incuria,

372 668 408 723 et
424 660 459 723 in
474 657 790 742 procurationibus,
812 663 848 721 et
873 656 908 720 in
923 657 1081 722 omnibus
1098 657 1320 721 libertatibus

373 767 408 823 et
423 758 649 841 dignitatibus
675 764 710 822 et
735 757 923 821 bonoribus
946 756 1056 820 eidem
1075 757 1156 841 jure
1181 757 1320 833 debitis,
1430 807 1434 816 .

372 859 560 923 secundum
593 858 685 940 quod
715 865 983 946 recognoscetur
1010 876 1032 919 a
1063 865 1214 939 quatuor
1238 876 1323 939 pro-

374 959 508 1023 ceribus
534 959 661 1022 nostris
695 959 740 1021 ab
769 957 845 1039 ipso
872 955 1050 1020 Willelmo
1077 976 1159 1038 rege
1188 956 1322 1032 electis,

374 1066 410 1122 at
437 1078 459 1124 a
488 1065 637 1140 quatuor
664 1057 863 1139 proceribus
891 1056 986 1120 illius
1014 1075 1036 1119 a
1062 1057 1161 1120 nobis
1187 1056 1320 1120 clectis.

375 1157 412 1221 Si
440 1165 556 1222 autem
581 1157 667 1221 fines
691 1165 753 1220 ant
779 1156 950 1220 marchias
977 1156 1076 1238 regni
1104 1155 1230 1220 Scotiae
1257 1155 1324 1219 ali·

375 1258 453 1339 quis
477 1264 672 1322 nostrorum
698 1256 887 1332 hominum,
919 1262 1104 1338 postquam
1134 1256 1323 1337 praedictus

374 1357 573 1422 Willelmus
613 1376 677 1420 rex
715 1375 736 1419 a
773 1362 872 1438 patre
913 1362 1032 1419 nostro
1080 1363 1204 1438 captus
1244 1354 1323 1433 fuit,

375 1456 596 1539 usurpaverit
617 1457 750 1540 absque
768 1455 914 1539 judicio,
941 1455 1100 1519 volumus
1123 1462 1165 1519 ut
1186 1455 1323 1538 integre

376 1557 617 1633 restituantur,
645 1564 681 1620 et
707 1556 760 1620 ad.
778 1575 857 1620 eum
874 1564 1004 1620 statum
1026 1555 1234 1620 reducantur
1252 1575 1324 1638 quo

377 1666 475 1722 erant
491 1664 573 1720 ante
590 1656 665 1739 ejus
689 1656 896 1738 captionem.
950 1655 1126 1720 Praeterca
1148 1654 1191 1718 de
1221 1655 1325 1719 terris

377 1757 460 1833 suis,
487 1777 574 1839 quos
599 1756 704 1820 habet
729 1755 765 1819 in
782 1753 924 1836 Anglia,
952 1774 1014 1818 seu
1045 1754 1224 1819 domaniis¹
1258 1774 1321 1819 seu

378 1857 500 1933 feodis,
540 1856 670 1920 scilicet
703 1855 739 1918 in
771 1855 938 1919 comitatu
978 1854 1169 1918 Huntedon
1207 1861 1243 1918 at
1284 1855 1322 1917 in

378 1956 535 2019 omnibus
573 1956 663 2031 aliis,
695 1955 730 2017 in
768 1973 810 2018 ea
846 1954 1008 2019 libertate
1038 1963 1074 2018 et
1108 1953 1325 2036 plenitudine

377 2055 564 2137 possideat,
592 2064 627 2118 et
660 2054 812 2118 haeredes
844 2053 899 2117 sui
936 2055 972 2116 in
1005 2060 1220 2136 perpetuum,
1253 2073 1323 2134 qna

380 2154 588 2219 Malcolmus
614 2155 767 2236 possedit
793 2153 850 2218 vel
873 2153 1050 2235 possidere
1082 2153 1219 2232 debuit3
1256 2154 1323 2217 nisi

378 2254 564 2336 praedictus
593 2253 814 2330 Maicolmus,
843 2253 899 2318 vel
922 2253 1075 2317 haeredes
1098 2253 1153 2315 sui
1175 2252 1320 2334 aliquid,

377 2359 498 2435 postea
530 2353 789 2417 infeodaverint.
836 2353 894 2417 Ita
917 2360 1032 2417 tamen
1064 2351 1156 2435 qnod
1188 2352 1219 2415 si
1252 2372 1324 2435 qua

377 2459 499 2535 postea
528 2453 704 2516 infeudata
734 2461 828 2529 sunt,
858 2453 1010 2534 ipsorum
1042 2452 1221 2517 feodorum
1249 2471 1325 2516 ser·

376 2554 462 2617 vitia
484 2552 527 2616 ad
554 2573 633 2616 eum
655 2552 712 2616 vel
735 2552 887 2616 haeredes
916 2553 991 2636 ejus
1019 2553 1223 2636 pertineant.
1277 2551 1326 2616 Et

377 2653 406 2716 si
439 2652 520 2734 quid
552 2659 652 2736 pater
683 2661 802 2717 noster
831 2652 997 2733 praedicto
1021 2651 1212 2728 willelmo,
1247 2651 1324 2733 regi

378 2752 516 2828 Scotiae,
559 2752 752 2827 donaverit,
795 2760 909 2815 ratum
945 2759 981 2816 et
1020 2753 1154 2816 firmum
1195 2751 1325 2816 babere

377 2852 549 2916 volumus.
619 2851 846 2915 Reddidimus
878 2852 910 2915 ei
947 2852 1110 2934 ligantias
1147 2850 1324 2915 bominum

377 2970 530 3028 suorum,
557 2960 592 3017 et
618 2971 737 3015 omnes
763 2959 890 3027 cartas,
920 2969 1007 3033 quas
1035 2952 1192 3016 dominus
1224 2958 1327 3032 pater

376 3060 495 3116 noster
518 3051 561 3116 de
587 3073 628 3116 co
659 3051 781 3115 habuit
811 3071 873 3132 per
904 3052 1099 3134 captionem
1131 3070 1251 3129 suam3
1288 3059 1325 3116 et

376 3152 407 3214 si
436 3151 562 3235 aliquae
595 3153 672 3216 aliae
712 3151 801 3216 forte
836 3169 898 3232 per
935 3151 1141 3215 oblivionem
1178 3157 1325 3214 retentae

376 3259 438 3313 aut
461 3252 612 3316 inventae
640 3251 780 3327 fuerint,
809 3269 868 3314 eas
894 3252 1033 3331 penitus
1053 3251 1183 3315 viribus
1205 3268 1335 3323 carere,

383 3352 619 3432 praecepimus.
672 3350 755 3431 Ipse
787 3358 902 3414 autem
935 3350 1040 3431 ligius
1071 3350 1174 3415 homo
1204 3357 1330 3414 noster>

376 3448 514 3513 devenit
542 3450 585 3513 de
616 3450 772 3514 omnibus
801 3450 901 3513 terris
931 3449 974 3512 de
1005 3450 1130 3532 quibus
1168 3456 1325 3514 anteces-

374 3566 469 3610 sores
489 3548 544 3611 sui
569 3549 643 3630 ligii
668 3549 824 3612 homines
846 3556 1106 3615 antecessorum
1125 3556 1323 3613 nostrorum

374 3646 525 3722 suerunt,
543 3655 578 3712 et
593 3649 792 3713 fidelitatem
802 3649 1011 3731 juraverunt
1028 3649 1126 3714 nobis
1152 3656 1189 3713 ct
1210 3648 1323 3714 haaro-

373 3746 473 3810 dibus
488 3749 626 3812 nostris.
679 3747 843 3813 Testibus
859 3748 924 3825 bis,
939 3749 1142 3814 Baldewino
1152 3747 1323 3814 Cantuar.

375 3846 645 3931 archiepiscopo,
661 3854 696 3910 et
712 3846 907 3912 caeteris.’'²

407 4038 415 4071 ¹
433 4041 582 4104 Dramatic]
611 4041 704 4091 Matth.
727 4042 832 4091 Westm.
858 4007 921 4090 aith
939 4008 1042 4103 Itym,
1054 4008 1074 4090 ⁴1.
1085 4057 1112 4102 p.
1128 4046 1170 4103 64,
1187 4009 1341 4104 Hovedeng'

372 4112 440 4160 Hov.
453 4112 621 4162 ‘dominicis'
857 4126 882 4171 p.
900 4115 946 4160 377
958 4108 978 4173 ¹³,
996 4112 1047 4160 and
1067 4112 1142 4160 Matt.
1164 4113 1271 4163 Westm.
1296 4129 1322 4175 p.

405 4177 467 4229 ”Et
489 4182 606 4244 rectoria]
635 4181 759 4243 Compare
781 4181 831 4230 this
856 4185 914 4231 257.
