2918 4866
129 387 175 452 34
502 408 713 456 cnaomcou

1 578 64 620 *uim
133 566 298 645 perrexit.
350 565 433 630 Rex
456 566 500 630 ad
516 566 602 631 Owe
626 567 741 644 rediit,
759 573 794 631 et
816 566 852 629 in
873 564 934 628 illo
949 562 1088 639 resedit,

7 641 99 722 hili
134 664 319 730 solidarios
344 667 498 748 undique
525 666 705 744 conduxit,
732 686 866 744 aurum,
894 671 1089 747 argentum,

8 732 123 774 'm'
137 773 260 844 terras,
285 767 492 850 quibusdam
520 769 705 850 primatum
728 767 952 832 Normanniae
981 764 1089 841 dedit,

136 867 344 950 quibusdam
369 868 539 951 promisit,
556 878 594 931 ut
612 887 632 932 a
650 887 816 949 germano
834 886 898 932 suo
916 866 1088 930 Rotberto

139 967 337 1045 delicerent,
360 975 395 1032 et
418 987 456 1032 se
487 989 564 1032 cum
592 968 744 1033 castellis
766 988 838 1032 susc
861 966 983 1031 ditioni
1006 964 1088 1028 sub-

135 1068 302 1152 jicerent;
328 1069 453 1153 quibus
471 1069 515 1133 ad
541 1069 629 1133 velle
654 1088 754 1133 suum
777 1068 922 1151 paratis,
945 1084 1007 1148 per
1033 1083 1091 1128 ca·

140 1169 254 1246 stella,
267 1170 322 1233 rel
338 1189 416 1252 quae
434 1169 529 1252 prius
545 1170 726 1246 babuerat,
742 1169 797 1233 rel
815 1188 893 1251 quae
909 1174 992 1230 tunc
1009 1184 1090 1229 con-

139 1269 301 1347 duxerat,
319 1289 401 1334 suos
425 1269 552 1334 milites
569 1270 755 1334 distribuit.
810 1269 950 1333 Interea
967 1264 1090 1330 castel·

141 1370 213 1432 lum
248 1369 341 1452 quod
372 1371 483 1433 Bures
519 1378 663 1433 vocatur
694 1369 920 1453 expugnavit,
953 1365 1090 1430 comitis

142 1470 269 1534 milites
290 1471 326 1534 in
347 1470 407 1534 illo
422 1477 543 1553 captos
558 1471 685 1552 partim
700 1471 735 1533 in
754 1468 884 1550 Anglia
897 1465 1091 1532 custodien-

143 1570 205 1634 dos
222 1570 327 1647 misit,
343 1571 469 1653 partim
484 1571 521 1634 in
540 1571 758 1635 Normannia
781 1568 946 1634 custodiae
964 1565 1093 1630 manci-

142 1671 259 1753 pavit;
288 1677 323 1735 et
357 1670 496 1736 fratrem
529 1691 630 1735 suum
662 1671 779 1734 multis
806 1669 916 1733 modis
947 1685 1092 1743 vexans,

144 1771 365 1835 exhaeredare
386 1772 569 1837 laboravit.
622 1769 671 1835 At
693 1771 752 1835 ille
769 1770 976 1835 necessitate
999 1786 1092 1831 com-

144 1873 277 1955 pulsuS,
300 1872 476 1936 dominum
498 1892 610 1946 suum,
636 1890 753 1954 regem
777 1871 991 1934 Francorum
1010 1867 1090 1930 Phi-

144 1973 289 2055 lippum,
323 1992 402 2036 cum
445 1973 601 2036 exercitu
638 1971 890 2036 Normanniam
925 1968 1092 2041 adduxit;

145 2072 205 2136 sed
231 2092 294 2136 rex
313 2070 542 2152 Argentinum
565 2070 757 2137 castellum¹
782 2071 929 2147 obsedit,
951 2075 986 2134 et
1015 2068 1093 2151 ipso

145 2173 200 2235 die
215 2173 436 2249 obsessionis
472 2189 553 2236 noe.
571 2173 697 2237 milites
720 2173 812 2254 regis
836 2169 990 2235 cumbis
1013 2167 1093 2232 toti-

145 2273 222 2335 dem
240 2272 413 2349 scutariis,
431 2278 466 2336 et
489 2273 686 2336 castellanis
716 2273 874 2337 omnibus
907 2269 968 2353 qui
997 2268 1093 2332 intus

146 2378 256 2449 erant,
290 2372 363 2436 sine
402 2373 580 2454 sanguinis
612 2373 777 2439 effusione
818 2371 922 2454 cepit,
958 2375 1094 2451 captos·

144 2492 211 2555 que
238 2473 273 2535 in
301 2472 456 2538 custodia
482 2473 613 2537 tamdiu
636 2473 783 2538 detineri
814 2470 1005 2546 mandavit,
1034 2470 1095 2534 do-

144 2592 207 2636 nec
228 2573 375 2657 quisque
398 2592 436 2637 se
462 2573 665 2654 redimeret;
688 2580 818 2656 etpost
839 2572 914 2638 haec
931 2572 966 2635 in
984 2569 1094 2633 Fran·-

143 2750 202 2800 illos
217 2751 244 2798 in
259 2750 417 2799 Normannia
433 2749 527 2799 iactam
540 2755 608 2800 esset
632 2751 702 2812 tatis,
724 2749 883 2813 adunavit]⁸
918 2749 987 2798 Dein
1008 2749 1094 2798 media

144 2822 169 2870 ei
185 2821 371 2883 persoluturus.
406 2820 448 2870 Ob
465 2821 529 2870 hanc
546 2836 607 2871 cau·
633 2821 842 2884 Quadragesimss
859 2834 903 2868 rex
915 2819 1096 2869 Normanniam

145 2906 200 2942 sam
222 2907 277 2952 rex,
299 2893 367 2941 circs
388 2892 442 2942 kal.
466 2892 607 2953 Februarii,
632 2892 723 2955 petiit:
741 2892 775 2940 ad
785 2890 870 2940 battis
881 2891 1035 2953 colloquium
1047 2891 1096 2940 sub

146 2963 315 3025 Heastingam
340 2963 412 3023 adiit,
440 2966 465 3010 et
488 2962 549 3010 dum
571 2963 607 3010 ibi
633 2977 696 3023 pace
714 2966 809 3011 statuta
823 2961 900 3023 venit,
920 2961 966 3011 sed
983 2962 1096 3023 impaca-

144 3037 285 3082 moraretur
313 3033 447 3082 ecclesiam
474 3032 506 3080 de
535 3032 608 3080 Bello
633 3036 675 3081 tus
698 3032 730 3081 ab
753 3026 783 3081 eo
803 3032 917 3081 recessit.
953 3031 1046 3080 Denuo
1069 3032 1097 3080 in

145 3103 259 3152 dedicari
269 3102 339 3152 iecit.
375 3103 608 3164 [Hooannovene-
634 3101 731 3163 Campo
754 3102 849 3150 Martio
877 3116 1024 3164 convenere,
1053 3102 1097 3150 ubi
1163 3117 1165 3121 ’

145 3173 233 3222 rabilis
243 3173 393 3235 Herbertus,
404 3171 609 3221 Theotfordensis
634 3172 672 3220 illi
684 3173 729 3234 qui
745 3173 909 3222 sacramentis
924 3173 990 3220 inter
1006 3186 1034 3221 se
1050 3187 1097 3234 pa-

146 3244 291 3305 episcopus,
302 3257 318 3290 a
330 3243 410 3291 Roma
428 3256 486 3290 eum
505 3242 609 3290 benedi·
634 3257 688 3291 cem
711 3243 897 3305 confirmavere,
916 3243 969 3304 regi
991 3243 1096 3304 culpam

146 3313 228 3360 ctione
256 3312 397 3373 apostolica
423 3312 518 3360 rediit:
545 3316 571 3360 et
593 3325 609 3359 a
633 3327 731 3361 omnem
751 3314 910 3374 imposuere:
934 3313 1023 3361 atille
1041 3313 1096 3361 cul·

147 3382 276 3430 Willelmo
292 3397 351 3445 rege
367 3383 512 3443 impetravit
526 3387 556 3430 ut
570 3396 610 3429 se·
635 3397 694 3444 pam
704 3398 750 3433 nec
762 3398 907 3446 agnoscere,
924 3397 970 3432 nec
987 3397 1095 3432 conven-

145 3451 191 3500 des
213 3453 367 3513 episcopalis
392 3453 419 3500 in
448 3453 609 3501 Norwicensi
635 3454 974 3516 tionemvoluitpersolrere.
997 3453 1096 3503 Iccirco

146 3522 255 3571 eeclesia
286 3523 436 3584 firmaretur,
470 3523 515 3570 ubi
544 3523 609 3584 ipse,
634 3524 709 3574 nimis
736 3525 795 3573 irati
822 3525 994 3574 discesserunt
1014 3524 1095 3586 impa-

146 3592 241 3640 Cbristi
257 3595 365 3654 juvante
385 3593 476 3654 gratia,
492 3591 609 3655 pulcher·
634 3594 703 3644 cati!
907 3635 912 3645 .

146 3663 235 3711 rimam
245 3664 462 3727 congregationem
477 3663 609 3711 monacho·
672 3660 861 3726 'Argentiolum
880 3663 1024 3727 castellum]
1047 3664 1097 3714 Ar·

145 3747 211 3794 rum,
226 3733 260 3780 ad
277 3732 395 3782 honorem
412 3735 512 3782 Sanctae
526 3734 609 3781 Trini-
636 3739 727 3798 gestan
738 3749 770 3783 ou
781 3735 823 3785 the
836 3735 914 3784 Ome.

180 3883 330 3932 'Horonon
344 3883 534 3945 ...adunavit.]
555 3885 608 3934 Ubi
633 3888 693 3935 tiam
718 3903 794 3951 quam
817 3888 884 3951 patri
911 3901 958 3937 suo
977 3886 1097 3937 lictberto

145 3954 221 4002 etiam
236 3953 414 4017 Herebertum,
430 3955 608 4005 Theotforden-
634 3958 740 4020 abipso
757 3973 816 4022 rege
831 3957 958 4007 Willelmo
976 3957 1046 4006 mille
1065 3958 1097 4007 li·

145 4037 197 4073 sem
209 4024 365 4086 episcopum,
379 4026 502 4086 pastorali
516 4027 607 4075 baculo
632 4029 686 4077 bris
706 4034 809 4088 emerat,
826 4029 1009 4078 absolutionem
1027 4043 1099 4091 quse·

145 4096 262 4155 privavit.
300 4095 418 4144 Latenter
436 4097 502 4145 enim
525 4097 608 4146 Urba·
633 4114 688 4149 rere
703 4100 792 4150 voluit.
809 4098 944 4160 L.,wbicb
962 4113 991 4148 as
1008 4102 1036 4148 to
1053 4099 1096 4148 the

144 4179 204 4214 num
221 4179 314 4226 papam
332 4167 411 4229 adire,
429 4171 454 4215 et
465 4167 497 4215 ab
514 4183 544 4216 eo
561 4183 607 4229 pro
633 4175 682 4220 rest
697 4185 784 4233 agrees
795 4169 858 4219 with
872 4170 902 4220 0.

144 4235 293 4298 episcopatu
316 4251 389 4298 quem
408 4238 467 4301 sibi,
484 4243 509 4288 et
531 4239 605 4289 abba·
