2918 4866
594 393 767 450 PREFAGE.

459 878 766 941 ILLUSTRISSIMO
788 880 886 940 VIRO

266 1059 310 1123 D.
345 1057 755 1124 GULIHELMO
798 1060 1093 1140 CECILIO,

420 1222 587 1283 BARONI
607 1223 667 1282 DE
689 1224 939 1295 nonomen,

201 1371 301 1413 ΒΠΜΜΟ
318 1371 435 1411 nudum
453 1370 668 1425 unumunurm,
689 1371 869 1413 anuomnrs
883 1373 1002 1415 cunnus
1016 1373 1155 1416 eluuntur

266 1452 366 1502 noum
386 1451 509 1506 suendo,
531 1451 625 1491 REGIAE
646 1451 805 1492 uAJusuArt
825 1452 844 1492 A
864 1454 1085 1496 suouuuromuus

348 1533 496 1586 coresium,
518 1531 554 1572 Ao
574 1531 831 1574 cruciamentum
851 1534 1009 1576 AOADEMIAE'«

413 1612 612 1654 onnonnnsmo
632 1612 808 1668 morussnw,
829 1615 942 1658 DOMINO

523 1693 576 1735 SUO
597 1692 839 1735 Houousumsnm.

253 1845 338 1910 Cum
358 1865 481 1928 nuper,
499 1845 553 1909 vir
575 1845 854 1922 honoratissime,
872 1843 1030 1908 nonnulli
1048 1862 1152 1908 veno*

201 1946 320 2009 randae
355 1946 574 2028 antiquitatis
607 1944 847 2023 admiratores,
879 1944 963 2008 mihi
994 1945 1152 2028 cupidius

200 2046 385 2124 instarent,
412 2054 451 2111 ut
466 2046 558 2110 hunc
584 2046 738 2111 libellum
766 2046 858 2129 apud
888 2066 943 2110 me
973 2046 1152 2122 latentem,

202 2166 271 2209 non
299 2154 371 2211 tam
400 2147 538 2229 quidem
561 2146 654 2230 stylo
680 2153 822 2223 tersum,
845 2165 886 2210 ac
908 2147 1066 2210 oratione
1092 2167 1151 2229 po-

202 2246 314 2324 litum,
338 2266 442 2330 quam
464 2249 609 2312 inventu
637 2266 754 2310 rerum
780 2254 816 2310 et
844 2246 935 2310 lectu
959 2246 1152 2330 jucundum

202 2347 376 2429 divulgari
402 2354 552 2431 pateret,
580 2347 681 2410 nimis
710 2346 936 2410 inhumanum
968 2348 1153 2412 videbatur

202 2454 275 2511 tam
291 2467 429 2531 aequum
443 2447 684 2530 flagitantibus
699 2466 766 2511 non
783 2466 948 2538 annuero,
958 2448 1151 2529 praesertim

202 2567 281 2611 cum
313 2548 453 2631 publica
484 2548 672 2613 multorum
706 2546 853 2625 utilitas,
885 2548 1033 2630 privatae
1063 2568 1151 2613 meae

202 2647 310 2711 solius
332 2649 505 2732 voluptati
523 2648 715 2717 moritosit
734 2648 960 2730 praeferenda.
1013 2648 1151 2713 Horum

203 2748 373 2829 precibus
391 2768 479 2831 quas
501 2769 566 2832 pro
587 2747 758 2831 postulati
780 2749 946 2831 aequitate
968 2747 1151 2831 repudiare

202 2867 271 2911 non
289 2847 404 2926 debui,
427 2857 463 2921 et
478 2868 549 2932 ,pro
576 2848 838 2913 necessitudinis
858 2847 998 2912 vinculo
1020 2847 1151 2912 diutius

202 2947 373 3012 sustinere
389 2968 457 3013 non
474 2948 586 3032 potui,
599 2947 674 3032 jam
693 2948 833 3012 tandem
851 2948 966 3013 victus
983 2950 1149 3012 concessi.

202 3048 353 3130 Jamque
387 3050 483 3132 operi
513 3069 533 3114 e
565 3050 718 3113 tenebris
753 3050 789 3112 in
825 3048 937 3112 lucem
968 3047 1151 3132 prodituro

202 3157 370 3231 patronus
403 3148 524 3216 defuit.
577 3149 677 3214 Unus
705 3149 912 3214 occurrebas
942 3169 983 3213 eo
1011 3149 1151 3214 nomine

200 3249 358 3332 inprimis
390 3249 525 3332 dignus.
600 3249 680 3314 Hoc
718 3249 826 3331 igitur
863 3249 1150 3333 qualitercunque

201 3349 429 3427 elaboratum,
455 3351 577 3414 umbra
602 3357 673 3414 tuae
703 3350 951 3433 amplitudinis,
981 3359 1148 3434 tanquam

201 3449 368 3532 praecipui
383 3450 561 3514 literarum
581 3449 795 3526 Maecenatis,
807 3457 924 3532 tegere
940 3470 1045 3514 ausus
1060 3470 1149 3528 sum,

201 3556 275 3613 tum
298 3550 343 3613 ob
371 3550 616 3615 solidissimum
641 3557 738 3615 tuum
766 3550 802 3613 in
825 3550 947 3615 iisdem
965 3551 1149 3634 judicium,

201 3658 275 3713 tum
309 3657 451 3733 propter
485 3650 650 3715 eximium
681 3671 845 3728 amorem,
878 3670 948 3733 quo
975 3650 1010 3714 id
1038 3671 1149 3732 genus

200 3750 307 3814 studii
344 3751 499 3816 fautores
528 3752 693 3835 prosequi
730 3771 867 3834 semper
900 3751 1063 3834 dignatus
1097 3771 1146 3818 es,

201 3849 278 3915 Nec
311 3851 433 3916 dubito
467 3852 551 3935 quin
582 3872 645 3935 pro
678 3860 739 3916 tua
776 3851 880 3917 solita
912 3858 948 3915 et
978 3852 1149 3932 singulari

199 3950 368 4030 bonitate,
402 3972 480 4034 quae
517 3951 602 4016 mihi
639 3971 815 4035 nunquam
846 3952 967 4029 deluit,
1001 3958 1148 4016 conatus

198 4051 303 4117 hosce
318 4072 413 4117 meos
427 4054 464 4117 in
482 4053 604 4117 alienis
620 4053 749 4134 vigiliis
768 4052 919 4129 edendis,
938 4071 1042 4135 quum
1063 4050 1148 4114 nihil

199 4153 341 4238 dignum
365 4154 486 4231 oculis,
511 4154 652 4236 dignum
676 4154 817 4218 auribus
841 4154 909 4218 tuis
933 4172 1007 4216 meo
1032 4151 1147 4216 Marte
