2918 4866
214 3872 310 3912 Electlon
319 3873 343 3912 or

214 3933 267 3972 pope
276 3923 344 3963 Celer-

214 3973 260 4013 tino
269 3973 297 4015 V.

396 387 462 454 272
640 402 892 452 courmumo
915 401 1094 452 cnaomcr

388 570 599 645 parceretur.
646 563 716 627 Per
737 562 857 626 domos
881 561 983 639 enim,
1007 561 1098 638 loca,
1127 567 1161 626 et
1184 559 1340 645 hospitia

385 663 621 744 praelatorum,
647 662 980 746 archiepiscoporum
1006 661 1178 738 videlicet,
1201 662 1337 744 episco-

385 783 520 844 porum,
549 765 725 841 abbatum,
752 762 1083 838 archidiaconorum,
1104 761 1337 844 praebendari-

384 881 495 940 orum,
517 864 553 926 in
575 863 728 928 ecclesiis
746 863 1011 939 cathedralibus,
1030 869 1065 927 et
1087 862 1176 938 aliis,
1200 881 1335 926 necnon

383 971 555 1026 rectorum
573 983 634 1026 seu
651 962 879 1037 vicariorum
905 962 964 1027 sed
982 970 1017 1026 et
1032 981 1096 1045 per
1112 981 1230 1026 omnes
1248 961 1334 1026 ciri-

384 1070 487 1139 tates,
499 1063 639 1144 burgos,
651 1063 808 1141 castella,
819 1062 926 1138 vicos,
936 1069 972 1126 et
984 1062 1096 1140 villas,
1109 1069 1144 1126 et
1153 1081 1335 1144 personas,

383 1168 455 1225 tam
487 1163 671 1226 saeculares
695 1182 799 1244 quam
824 1162 1087 1239 ecclesiasticas,
1111 1181 1217 1244 penes
1244 1180 1334 1243 quas

383 1261 502 1343 aliqua
517 1263 723 1344 sperabatur
744 1282 846 1344 posse
862 1263 1005 1345 reperiri
1027 1263 1183 1344 pecunia,
1202 1262 1334 1325 discur-

384 1369 507 1436 rentes,
530 1382 648 1426 omnes
670 1381 825 1426 serruras
848 1362 914 1426 sibi
931 1362 1112 1446 jusserunt
1140 1362 1330 1436 reservari3

383 1469 590 1544 apertasque
619 1469 816 1527 scrutantes
842 1463 985 1526 iuventa
1013 1462 1268 1542 sigillaverunt,
1295 1469 1333 1526 et

384 1571 633 1643 reposuerunt3
673 1583 742 1627 non
770 1568 910 1645 apertas
937 1561 1106 1626 violenter
1141 1562 1333 1644 fregerunt,

383 1668 419 1724 et
440 1662 667 1726 inventarium
690 1682 796 1745 penes
818 1680 856 1725 se
882 1663 1078 1738 retinentes,
1103 1661 1188 1724 nihil
1214 1669 1333 1725 tamen

383 1762 521 1842 penitus
572 1762 664 1844 apud
708 1782 768 1826 eos
810 1769 1042 1844 asportantes,
1085 1760 1163 1824 illas
1192 1755 1333 1825 ⁴tamen

383 1862 610 1940 recludentes,
633 1861 756 1944 sigillis
782 1861 854 1924 suis
879 1869 949 1924 tam
976 1860 1105 1943 apertis
1132 1880 1236 1943 quam
1261 1880 1331 1925 non

383 1963 512 2042 apertis
528 1963 709 2043 appositis,
731 1968 955 2025 recesserunt.
1008 1960 1114 2044 Operi
1136 1961 1240 2025 etiam
1258 1969 1330 2025 tam

384 2061 514 2124 nefario
538 2061 649 2125 scelus
672 2061 877 2137 inauditum,
893 2067 928 2124 et
953 2060 1019 2142 piis
1046 2060 1186 2124 auribus
1210 2080 1335 2143 super.

382 2161 641 2224 accumulanter
663 2160 927 2235 abhorrendum,
946 2161 1194 2225 monasterium
1216 2161 1331 2226 sancti

382 2260 472 2338 regis
502 2266 536 2322 et
568 2261 730 2343 martyris
761 2259 967 2336 Eadmundi,
1000 2279 1079 2324 cunr
1108 2260 1191 2324 villa
1229 2259 1331 2343 adja-

383 2364 493 2435 cente,
520 2365 598 2440 q'uae
623 2379 687 2442 pro
718 2359 859 2424 civitate
882 2359 1007 2440 refugii
1036 2379 1058 2424 a
1091 2360 1213 2442 priscis
1241 2367 1329 2424 tem-

381 2459 522 2538 poribus
545 2459 684 2524 fuerant
705 2460 907 2536 constituta,
933 2479 1011 2541 quae
1037 2479 1136 2524 nemo
1159 2460 1331 2524 hactenus

383 2578 503 2639 regum
529 2564 700 2624 attentare
729 2566 1009 2642 praesumpserat,
1037 2559 1073 2623 in
1100 2560 1348 2625 immunitatis·

382 2658 625 2723 ecclesiasticae
662 2660 913 2743 praejudicium,
943 2678 1007 2723 suo
1039 2660 1209 2724 violenter
1248 2679 1332 2741 pro-

382 2757 624 2839 phanaverunt
638 2760 816 2825 scrutinio.
870 2759 916 2823 Et
939 2778 1001 2822 nec
1026 2779 1146 2840 regum
1171 2759 1327 2824 collatio-

382 2858 482 2921 nibus
519 2878 583 2922 nec
628 2879 839 2923 summorum
886 2858 1089 2940 pontificum
1135 2858 1329 2924 deferentes

380 2958 559 3021 sententiis
580 2959 674 3036 latis,
696 2960 732 3022 in
754 2959 945 3022 animarum
971 2978 1113 3022 suarum
1131 2959 1327 3040 perniciem,

380 3058 568 3122 secundum
596 3058 740 3122 formam
782 3058 864 3122 alibi
900 3057 1040 3135 factam,
1075 3070 1110 3122 et
1150 3058 1255 3134 ultra,
1290 3060 1329 3122 in

380 3159 538 3244 omnibus
574 3165 821 3240 processerunt.
882 3156 1206 3221 Transmarinorum
1244 3178 1327 3222 vero

379 3264 607 3322 mercatorum
630 3259 793 3340 pecunias
817 3257 955 3339 aliaque
977 3277 1096 3321 eorum
1125 3259 1226 3335 bona,
1250 3259 1326 3322 ubi·

379 3361 516 3438 cunque
545 3357 700 3434 inventa,
730 3366 799 3422 taur
828 3357 864 3420 in
890 3357 1044 3420 ecclesiis
1073 3375 1178 3440 quam
1212 3364 1326 3436 extra,

379 3464 554 3535 ceperunt,
579 3457 680 3520 etad
705 3455 905 3520 thesaurum
928 3456 1062 3537 regium
1085 3464 1324 3539 portaverunt.

379 3551 512 3617 Tallias
550 3556 652 3618 etiam
689 3557 909 3638 pecuniarum
944 3574 1084 3619 suarum
1126 3555 1191 3619 sibi
1228 3557 1325 3620 debi-

379 3659 505 3730 tarum,
536 3654 571 3716 in
598 3656 755 3720 manibus
784 3663 1012 3719 mercatorum
1045 3655 1087 3720 de
1115 3654 1246 3736 Anglia
1275 3657 1329 3720 in·

379 3760 513 3828 ventas,
542 3755 771 3832 retinuerunt,
797 3762 833 3819 et
861 3755 904 3818 ad
937 3755 1143 3819 solutionem
1177 3755 1245 3819 sibi
1273 3755 1329 3820 fa-

379 3853 532 3917 ciendam
571 3855 666 3935 ipsos
706 3855 957 3937 compulerunt.
1020 3854 1145 3918 Petrus
1183 3855 1325 3938 quidam

379 3953 611 4030 Muronensis,
630 3953 767 4036 Apulus
795 3974 931 4037 genere,
960 3954 1134 4018 Frederici
1151 3954 1326 4037 quondam
1420 4004 1423 4008 -

377 4054 593 4137 imperatoris
630 4054 817 4136 aliquando
854 4055 1021 4130 notarius,
1057 4055 1117 4136 qui
1144 4055 1208 4118 sub
1245 4074 1329 4137 pro.

377 4155 523 4218 sessione
538 4153 668 4235 regulae
684 4155 718 4218 S.
733 4154 925 4233 Benedicti,
938 4156 998 4237 qui
1013 4174 1033 4219 a
1049 4153 1326 4221 montecassino
