2918 4866
350 389 415 453 134
596 401 843 452 courruunrro
865 401 1040 449 orreorum

352 557 623 623 comburentinm
649 556 861 638 nigredinem
884 555 1098 636 exprimere3
1125 553 1186 618 sed
1209 560 1244 617 et
1266 553 1303 618 in

353 660 430 741 ipso
453 657 740 721 concremationis
768 657 844 741 ejus
874 663 1049 719 momento
1074 654 1192 735 fragor
1221 653 1303 718 hor-

355 759 491 822 risonus
524 757 667 821 tonitrui
704 757 821 838 magni
849 757 959 820 tribus
991 755 1123 820 vicibus
1152 754 1305 818 intonuit

356 859 456 941 quasi
482 857 525 920 de
549 857 650 921 coelo.
696 858 777 921 Hoc
804 857 922 939 itaque
943 854 1101 921 incendio
1123 855 1305 919 combusta

357 958 498 1022 civitate
516 957 671 1034 interius,
687 965 723 1021 et
744 942 787 1021 ab
806 956 963 1020 hostibus
977 956 1120 1019 obsessa
1139 954 1306 1029 exterius,

357 1058 489 1120 dixisse
510 1055 619 1120 fertur
640 1057 824 1139 episcopus
846 1057 965 1121 comiti
985 1054 1305 1128 Nortbamtonensi,

359 1157 434 1220 ‘En
466 1175 592 1232 comes,
624 1175 690 1238 ego
714 1156 818 1239 jussi,
850 1163 888 1220 tu
925 1155 996 1220 ista
1031 1155 1151 1219 radere
1181 1153 1305 1218 stude!

361 1254 497 1334 Quibus
519 1255 633 1332 dictis,
655 1263 844 1338 patuerunt
865 1256 988 1320 intima
1010 1255 1122 1319 cordis
1150 1254 1306 1318 dicentis.

197 1366 327 1458 mg?
361 1355 500 1437 Septem
515 1355 622 1436 igitur
642 1356 843 1437 septimanis
864 1356 900 1419 in
917 1355 1093 1419 obsidione
1111 1354 1308 1429 transactis,

197 1468 262 1518 siese-
361 1455 500 1519 tandem
528 1455 709 1537 episcopus
735 1462 806 1519 tarn
833 1454 975 1519 diutinae
998 1454 1205 1518 obsessionis
1231 1473 1310 1535 per-

360 1561 480 1632 taesus,
496 1555 805 1637 advesperascente
823 1554 879 1618 die
897 1574 975 1637 quae
991 1553 1215 1618 festivitatem
1234 1553 1307 1617 Ex-

362 1655 540 1719 altationis
563 1654 699 1719 Sanctae
721 1655 843 1719 Crucis
865 1655 926 1736 [14
947 1653 1060 1736 Sept]
1080 1653 1310 1736 praecedebat,

357 1754 463 1838 jussit
485 1775 547 1837 per
563 1755 681 1818 urbem
701 1773 821 1837 paoem
840 1754 1032 1836 praedicari,
1049 1761 1168 1836 portas
1184 1753 1309 1817 civita·

198 1864 344 1966 fflqmsthr
362 1855 408 1918 tis
426 1855 562 1938 aperiri.
602 1855 753 1936 Jamque
769 1854 908 1918 domina
920 1854 1124 1935 imperatrix
1140 1871 1308 1918 conscen-

293 1941 299 1954 ’
362 1954 460 2018 derat
482 1974 622 2036 equum,
641 1954 827 2018 comitante
849 1973 954 2036 seque
971 1953 1182 2017 conducente
1204 1952 1312 2017 fratre

362 2073 426 2117 suo
442 2053 652 2134 Reginaldo,
668 2053 799 2118 relictis
817 2054 861 2118 ob
879 2053 1043 2117 excubias
1059 2053 1139 2136 plus
1154 2053 1312 2118 ducentis

362 2152 528 2217 militibus
551 2173 630 2216 cum
652 2153 777 2216 comite
804 2153 1056 2218 Bricstowense
1070 2153 1196 2216 eisdem
1220 2171 1311 2235 pree-

363 2252 508 2329 sidente,
531 2272 609 2316 cum
633 2271 712 2316 ecce
734 2253 850 2316 subito
877 2253 1018 2336 praesul,
1044 2252 1087 2316 ad
1110 2271 1207 2316 arma
1228 2271 1311 2316 suos

363 2371 581 2435 consurgere,
600 2360 635 2417 et
654 2353 690 2415 in
708 2352 825 2416 hostes
842 2351 935 2416 illico
952 2352 1122 2416 violenter
1134 2351 1241 2435 jussit
1256 2353 1309 2416 iu-

364 2472 517 2534 surgere,
540 2458 711 2535 quotquot
735 2458 898 2534 poterant
912 2452 1061 2517 viriliter
1086 2451 1311 2534 comprehen-

364 2552 455 2616 dere.
525 2551 873 2634 Comprebenduntur
909 2553 1029 2634 itaque
1068 2551 1180 2629 multi,
1219 2553 1311 2634 peri-

364 2659 506 2716 muntur
528 2652 607 2715 binc
629 2659 665 2716 et
686 2652 766 2716 inde
788 2652 938 2735 plurimi,
960 2653 1052 2716 inter
1067 2671 1155 2733 quos
1170 2652 1311 2733 quidam

366 2753 476 2829 miles,
493 2752 663 2816 vocabulo
690 2751 885 2816 Gulielmus
911 2752 953 2815 de
976 2751 1124 2828 curceii,
1146 2770 1225 2814 cum
1248 2751 1312 2814 mi·

366 2852 485 2915 litibus
512 2871 574 2917 sex
595 2852 671 2915 neci
693 2851 807 2928 datus,
833 2859 869 2915 et
897 2852 987 2933 apud
1015 2850 1180 2915 Sanctum
1198 2849 1314 2915 Grim-

204 2962 342 3062 {qqffiffil
367 2951 508 3015 baldum
539 2959 593 3016 est
618 2951 822 3017 tumulatus.
873 2951 963 3015 Haec
990 2951 1134 3014 audiens
1160 2951 1311 3028 domina,

343 3037 588 3116 ’vehementer
611 3052 781 3115 exterrita
808 3060 913 3133 atque
941 3052 1092 3128 turbata,
1118 3050 1162 3113 ad
1189 3049 1315 3114 castel-

369 3152 440 3214 lum
473 3171 541 3234 qno
574 3151 737 3215 tendebat
764 3151 807 3215 de
838 3150 1100 3215 Ludkeresbala
1131 3148 1241 3213 tristis
1272 3168 1314 3213 ac

369 3251 489 3313 dolens
511 3251 663 3327 advenit,
680 3251 741 3314 sed
762 3250 810 3313 ibi
837 3249 951 3314 locum
975 3258 1086 3314 tutum
1104 3248 1315 3331 quiescendi,

207 3363 333 3453 ssgffitssgss
370 3356 512 3431 propter
551 3356 678 3413 metum
717 3350 882 3432 episcopi,
915 3368 984 3414 non
1016 3349 1160 3414 invenit.
1213 3349 1316 3414 Unde

330 3440 336 3459 '
371 3448 587 3512 hortantibus
622 3449 706 3526 suis,
740 3468 830 3531 equo
866 3448 989 3512 iterum
1030 3469 1096 3513 usu
1124 3449 1315 3512 masculino

371 3549 564 3630 supposita,
588 3556 693 3631 atque
720 3548 765 3611 ad
786 3547 929 3612 Divisas
952 3548 1131 3631 perducta,
1153 3568 1230 3612 cnm
1251 3567 1317 3612 nec

369 3647 417 3710 ibi
439 3666 558 3711 secure
580 3667 617 3711 se
639 3648 745 3712 tutari
767 3666 869 3730 posse
891 3648 935 3712 ob
957 3649 1177 3732 insequentes
1199 3647 1317 3713 formi-

209 3764 310 3804 anrona
371 3746 481 3824 daret,
509 3747 584 3830 jam
613 3767 701 3830 pene
734 3747 904 3811 exanimis
940 3747 1067 3813 feretro
1096 3748 1244 3823 invecta,
1281 3755 1317 3813 et

208 3817 259 3862 bier,
269 3826 292 3854 as
301 3825 314 3854 s

208 3869 319 3914 comato
371 3846 509 3910 sonibus
540 3848 640 3930 qnasi
672 3847 821 3911 cadaver
849 3847 1100 3931 circumligata,
1127 3848 1225 3928 equis
1256 3847 1317 3911 de·

209 3917 339 3955 Gtoneeeter.
385 3947 391 3961 ,

373 3947 571 4024 terentibus
597 3955 652 4010 sat
680 3947 908 4028 ignominiose
931 3947 974 4010 ad
997 3948 1173 4013 civitatem
1196 3946 1317 4029 depor-

372 4055 468 4112 tatur
497 4046 759 4111 Glaornensem.
800 4046 911 4111 Porro
942 4047 1050 4112 frater
1081 4066 1179 4124 suus,
1202 4067 1317 4112 comes

207 4130 346 4222 Sssfl‘ffl,
370 4147 632 4213 Bricstowensis
656 4147 843 4224 RobertuS,
871 4148 1057 4231 paraliam
1080 4146 1173 4211 viam
1198 4167 1315 4230 egres·
