2918 4866
358 375 402 440 98
605 392 855 441 courruonrro
880 393 1056 441 cuuouici

359 550 494 628 icimur,
503 550 636 615 decimo
647 551 770 633 quinto
781 553 1039 635 patriarchatus
1050 553 1104 618 sui
1114 571 1215 629 anno,
1227 557 1310 614 xn0.

359 651 431 716 kal.
459 653 702 717 Decembrium
730 653 786 716 die
822 655 881 736 [20
912 653 1036 740 Nov.],
1066 653 1159 736 apud
1191 652 1312 717 villam

360 772 458 816 suam
487 752 660 835 quandam
688 752 882 830 defunctus
909 753 1117 818 Cantwariae
1135 753 1311 836 sepelitur.

198 867 331 907 widoabbo
361 852 428 916 Vir
442 872 579 933 magnac
601 852 804 935 prudentiae,
819 854 937 930 Wido,
954 854 1175 919 Persorensis
1190 854 1311 929 abbas,

197 918 222 957 ct
229 918 337 964 Pcrshore,

197 967 350 1058 pppfflo
361 953 460 1017 nonis
476 952 628 1034 Augusti
648 949 686 1036 [5
696 951 808 1039 Aug.]
825 952 933 1018 obiit.1
978 954 1121 1036 Magnae
1138 953 1313 1035 religionis

198 1069 293 1119 burro·
363 1060 398 1116 ct
427 1052 600 1116 castitatis
626 1053 680 1115 vir
704 1053 925 1130 Benedictus,
948 1053 1312 1119 Theodekcsbiriensis

363 1153 518 1217 ecclesiae
535 1153 654 1229 abbas,
671 1152 784 1217 idibus
801 1154 922 1219 Martii
941 1151 1001 1239 [15
1017 1152 1126 1239 Man]
1144 1154 1241 1218 obiit.

464 1293 616 1374 Exemptis
630 1295 740 1355 mundo
754 1295 803 1355 det
817 1296 954 1356 Summus
967 1285 1064 1357 rivere
1078 1299 1213 1355 summo.2

209 1464 269 1504 M·
281 1462 337 1503 ¹¹³⁷·
406 1457 495 1522 ,Rex
509 1455 703 1538 Anglorum
722 1458 931 1541 Stephanus,
947 1478 1065 1522 mense
1077 1457 1219 1532 Martio,
1232 1465 1313 1521 ante

199 1529 315 1630 {iiiiii}
365 1558 514 1635 Pascha,
527 1559 620 1641 quod
634 1567 766 1622 eratlu
777 1559 855 1623 idus
870 1557 1003 1642 Aprilis
1019 1560 1078 1641 [10
1089 1556 1207 1640 Apr.],
1219 1577 1314 1620 mare

200 1631 286 1670 ”m
364 1659 547 1735 transiens
586 1658 623 1721 in
663 1659 903 1724 transmarinis
949 1658 1107 1741 partibus
1146 1664 1313 1722 moratur.

201 1759 339 1850 afflin-
365 1758 447 1822 Rex
471 1759 598 1823 Waliae
622 1757 799 1836 Griffinus,
821 1759 914 1823 filius
941 1758 1027 1835 Res,
1050 1757 1130 1823 dolo
1155 1758 1313 1842 conjugis

200 1860 272 1900 ‘lm’-
364 1878 438 1922 suae
461 1859 726 1936 circumventus
739 1858 951 1940 defungitur.
996 1858 1182 1922 Walenses
1198 1859 1235 1920 in
1252 1858 1312 1921 de-

201 1960 325 2051 ?ffittgd
364 1958 518 2023 sensione
544 1978 617 2022 suae
645 1958 773 2023 nativae
800 1966 913 2038 terrae,
939 1979 1008 2022 non
1035 1959 1148 2022 solum
1176 1977 1198 2020 a
1223 1956 1315 2020 Nor·

202 2059 281 2151 Ἓξ.
365 2059 532 2121 mannicis
557 2058 734 2135 divitibus
761 2058 822 2123 sed
851 2060 955 2122 etiam
979 2079 1000 2123 a
1022 2054 1313 2123 Flandrensibus³

299 2160 301 2166 '
365 2157 476 2221 multa
499 2159 665 2240 perpessi,
683 2158 839 2239 pluribus
857 2160 1020 2240 utrinque
1036 2159 1236 2241 peremptis,
1254 2157 1313 2220 de-

364 2257 467 2321 victis
505 2265 621 2321 tamen
658 2256 702 2321 ad
734 2258 897 2321 ultimum
932 2258 1216 2334 Flandrensibus,
1245 2277 1315 2320 non

364 2365 503 2420 cessant
523 2358 560 2420 in
581 2357 728 2421 circuitu
751 2358 867 2422 omnia
891 2365 1041 2435 vastare,
1064 2357 1166 2422 villas
1192 2377 1234 2421 nc
1256 2376 1315 2420 ca-

365 2457 468 2521 stella
481 2457 651 2522 vastando
663 2459 875 2535 comburere,
890 2478 1009 2523 omnes
1019 2458 1220 2522 resistentes
1235 2455 1314 2534 sibi,

365 2557 468 2621 simul
489 2577 567 2621 cum
589 2558 831 2622 innocentibus
855 2566 891 2622 et
905 2559 1123 2635 nocentibus,
1139 2558 1217 2620 neci
1242 2564 1314 2621 tra-

366 2657 465 2738 dere3
488 2657 579 2721 inter
602 2677 690 2741 quos
718 2677 808 2721 unus
832 2659 942 2736 miles,
969 2659 1134 2739 Paganus
1165 2657 1314 2734 nominc,

366 2757 430 2834 vir,
461 2765 501 2821 ut
530 2758 656 2835 ferunt,
687 2758 901 2822 strenuitatis
931 2778 1080 2840 magnae,
1113 2757 1194 2821 dum
1224 2776 1315 2839 prae-

365 2857 487 2922 dantes
501 2859 685 2923 Walcnscs
701 2878 824 2941 capere
840 2859 946 2923 vellet
962 2865 998 2922 et
1015 2858 1183 2935 occidere,
1199 2857 1314 2939 capite

365 2958 561 3039 perforatus
587 2960 709 3023 lancea
734 2960 919 3039 occubuit3
943 2958 1043 3042 cujus
1071 2977 1196 3040 corpus
1225 2955 1312 3020 Gla-

366 3077 485 3121 ornam
513 3058 678 3135 delatum,
708 3059 744 3122 in
771 3060 925 3142 capitulo
956 3058 1101 3123 fratrum
1133 3056 1312 3141 sepelitur.

131 3208 133 3212 ,
203 3158 269 3206 Y⁰¹b
368 3157 470 3222 Feria
492 3177 554 3236 vu,
571 3159 606 3221 in
631 3159 845 3222 bebdomada
874 3157 1111 3235 Pentecosten
1132 3177 1211 3242 quae
1237 3164 1313 3222 erat

203 3209 327 3306 {diffidi
368 3273 416 3320 vr.
435 3257 480 3320 id.
499 3259 523 3323 J
525 3259 596 3321 unii
617 3257 1100 3341 [ssun.],Eb01-acacivitas
1120 3279 1198 3324 cum
1219 3257 1314 3340 priu-

202 3308 308 3348 Leicester

202 3359 314 3458 2532&
366 3357 471 3437 cipali
502 3358 711 3422 monasterio
742 3358 972 3440 conflagravit
1003 3360 1170 3424 incendio.
1232 3357 1314 3421 Non

365 3454 425 3518 diu
440 3464 520 3538 post
538 3457 722 3521 Hrofensis
738 3457 863 3522 civitas
880 3459 960 3541 igne
975 3467 1159 3523 crematur.
1211 3457 1315 3521 Feria

366 3571 414 3633 u,
436 3563 560 3637 quarto
583 3555 654 3620 kal.
670 3555 825 3639 Augusti
852 3559 911 3641 [29
937 3559 1039 3640 Jul.],
1067 3557 1313 3622 Batboniensis

364 3652 537 3732 ecclesia,4
552 3664 588 3720 et
603 3657 724 3722 eodem
742 3678 859 3722 mense
875 3657 1026 3740 Augusti
1041 3658 1165 3723 civitas
1180 3657 1314 3739 Leoge-

400 3886 407 3915 ¹
435 3889 528 3954 Obiit]
562 3891 603 3939 De
631 3892 830 3941 Wincelcumba
884 3890 1122 3956 ³Flundrenribnr.]
1140 3894 1315 3955 Jussuquon-

364 3957 532 4011 Godefridus.
562 3960 633 4011 Edit.
644 3964 700 4011 odd.
737 3963 769 4010 In
794 3965 822 4013 C.
848 3964 907 4012 darn
918 3964 986 4026 regis
997 3965 1105 4013 Henrici
1118 3969 1210 4013 terram
1222 3964 1314 4012 Waliae

361 4029 405 4077 the
416 4030 489 4079 dates
501 4031 561 4080 bere
573 4047 616 4080 are
628 4032 741 4082 omitted.
848 4035 1027 4085 incolentibus.
1046 4035 1117 4084 Edit.
1129 4037 1185 4085 odd.

396 4096 406 4126 ²
427 4100 552 4164 Exemptr'r
566 4135 572 4151 .
586 4138 592 4151 .
606 4139 612 4151 .
624 4102 735 4165 summa]
753 4103 824 4154 Edit.
883 4103 894 4134 ⁴
913 4104 1043 4167 Ecclesia]
1061 4105 1127 4155 Cum
1138 4110 1191 4155 tota
1202 4105 1314 4154 civitate.

361 4171 417 4218 add.
431 4172 460 4219 C.
472 4172 540 4219 omit.
853 4175 921 4226 Edit.
932 4178 987 4224 add.
