2918 4866
387 369 431 434 62
754 385 977 441 ouuorucou.

389 543 570 608 Paschalis
593 564 662 609 non
684 544 891 628 inquietabit
905 563 1020 628 regem
1037 544 1253 624 Heinricum,
1275 566 1338 614 nec

388 643 464 728 ejus
480 664 625 726 regnum
642 653 678 709 et
692 644 898 728 imperium!

539 822 596 864 1100
616 821 833 864 SAORAMENTUM
853 821 902 863 EST
923 822 961 863 EX
983 821 1076 863 Pansa
1096 821 1188 864 PAPAE.

421 948 447 977 “
460 941 632 1006 Dominus
644 959 742 1024 'papa
759 939 942 1005 Paschalis
961 923 1030 1007 non
1048 941 1256 1024 inquietabit
1274 942 1335 1006 do-

386 1042 516 1105 minum
535 1061 652 1122 regem
671 1040 889 1117 Hammeum,
905 1060 969 1106 uec
987 1041 1063 1124 ejus
1083 1041 1263 1124 imperium
1279 1044 1336 1107 vel

385 1162 542 1224 regnum,
568 1141 611 1204 de
631 1141 838 1206 investitura
862 1141 1122 1224 episcopatuum
1148 1142 1204 1206 vel
1227 1143 1334 1208 abba-

383 1243 523 1320 tiarum,
540 1261 650 1324 neque
666 1241 709 1306 de
725 1239 852 1324 injuria
869 1242 934 1305 sibi
952 1241 1051 1307 illata
1066 1248 1101 1306 ct
1117 1240 1202 1318 suis,
1220 1263 1332 1327 neque

384 1342 525 1426 aliquod
554 1341 688 1410 malum,
717 1341 837 1407 reddet
867 1342 934 1405 sibi
956 1342 1011 1406 vel
1041 1342 1145 1406 alicui
1174 1362 1332 1425 personae

383 1450 446 1525 pro
475 1443 541 1507 hac
569 1461 689 1519 causa,
724 1448 760 1505 et
783 1441 928 1525 ,penitus
956 1442 993 1506 in
1023 1460 1207 1525 personam
1239 1445 1332 1526 regis

384 1542 542 1607 Heinrici
570 1560 745 1626 nunquam
775 1541 961 1606 anathema
986 1549 1106 1625 ponet,
1130 1561 1194 1606 nec
1217 1562 1330 1625 roma-

382 1644 477 1708 nebit
494 1645 529 1706 in
552 1643 701 1708 domino
713 1661 805 1726 papa
818 1642 902 1726 quin
919 1649 1060 1708 coronet
1078 1661 1168 1719 eum,
1185 1643 1275 1708 sicut
1292 1646 1327 1709 in

382 1745 503 1808 ordine
521 1744 727 1820 continetur,
743 1748 780 1807 et
795 1763 939 1824 regnum
960 1749 996 1806 et
1018 1743 1200 1825 imperium
1225 1743 1329 1810 officii

380 1845 436 1908 sui
454 1845 585 1908 auxilie
604 1864 682 1908 eum
697 1851 814 1908 tenere
829 1842 1010 1927 adjuvabit
1027 1863 1090 1926 pro
1111 1863 1213 1927 posse
1241 1864 1325 1928 suo;

380 1952 415 2009 et
438 1944 503 2009 hoc
525 1944 726 2027 adimplebit
741 1943 900 2007 dominus
924 1962 1016 2026 papa
1044 1943 1118 2008 sine
1145 1943 1267 2024 fraude
1292 1955 1328 2011 ct

379 2044 471 2110 malo
495 2046 644 2127 ingenio.
695 2043 787 2110 Haec
814 2050 895 2107 sunt
927 2044 1066 2108 nomina
1090 2043 1227 2107 illorum
1255 2046 1328 2129 epi-¹

379 2164 563 2228 scoporum
588 2152 623 2208 et
650 2143 875 2209 cardinalium
898 2145 970 2226 qui,
996 2154 1170 2227 praecepto
1196 2145 1326 2210 domini

378 2264 480 2327 papae
497 2244 689 2321 Paschalis‚
704 2244 923 2328 privilegium
941 2251 977 2308 et
993 2243 1182 2308 amicitiam
1207 2264 1325 2310 sacra·

378 2354 494 2409 mento
514 2344 806 2409 confirmaverunt
822 2344 960 2408 domino
982 2345 1184 2426 imperatori
1215 2345 1325 2410 Hein-

377 2445 470 2510 riooz
519 2445 647 2509 Petrus
688 2443 892 2514 Portuensis
933 2443 1139 2526 Episcopus,
1181 2444 1325 2510 Gentius

377 2545 589 2612 Sabiniensis
601 2545 804 2628 Episcopus
817 2543 1010 2608 Rotbcrtus
1032 2543 1225 2609 Cardinalis
1236 2545 1325 2610 San-

376 2647 425 2710 cti
440 2646 592 2722 Eusebii,
611 2644 812 2709 Bonifacius
838 2643 1033 2708 cardinalis
1056 2644 1175 2723 Sancti
1195 2645 1322 2724 Marci,

375 2743 585 2811 Anastasius
615 2744 810 2809 cardinalis
850 2744 970 2808 Sancti
1002 2743 1201 2823 Clementis
1232 2744 1320 2810 Gre-

374 2847 493 2927 gorius
512 2844 707 2912 Cardinalis
723 2845 929 2908 Sanctorum
945 2841 1194 2926 Apostolorum
1224 2845 1321 2911 Petri

373 2954 408 3011 et
425 2947 549 3020 Pauli;
574 2946 656 3010 item
674 2944 867 3027 Gregorius
884 2944 1080 3010 Cardinalis
1101 2943 1219 3010 Sancti
1244 2945 1315 3009 Cri-

372 3049 508 3128 sogoni,
523 3046 546 3110 J
549 3046 704 3110 ohannes
722 3044 916 3124 Cardiualis
934 3044 1072 3108 Sanctae
1088 3043 1320 3136 potentiana,

373 3147 479 3213 Risus
515 3145 711 3211 Cardinalis
757 3144 878 3209 Sancti
918 3143 1109 3221 Laurentii,
1146 3144 1319 3235 Rainerus

371 3245 566 3311 Cardinalis
580 3245 784 3309 Sanctorum
797 3242 995 3308 Marcellini
1009 3252 1044 3308 et
1069 3244 1177 3322 Petri,
1191 3246 1319 3311 Vitalis

371 3345 567 3410 cardinalis
602 3345 739 3408 Sanctae
771 3345 941 3420 Balbinae,
971 3344 1097 3408 Duuze
1125 3344 1318 3412 Cardinalis

369 3445 489 3510 Sancti
512 3443 681 3522 Martini,¹
699 3444 943 3509 Theedbaldus
962 3443 1157 3510 cardinalis
1183 3445 1317 3511 Johan-

368 3547 422 3610 nis
439 3553 473 3610 et
490 3545 606 3623 Pauli,
620 3545 644 3611 J
647 3544 801 3609 ohannes
817 3542 1015 3610 Diaconus²
1030 3543 1170 3610 Sanctae
1192 3547 1317 3614 Mariae

367 3648 403 3710 in
421 3645 548 3711 Schola
566 3643 715 3710 Graeca?

366 3835 450 3878 Issus
470 3834 520 3876 EST
540 3833 734 3875 vamucmu
754 3832 862 3873 nomm
882 3831 972 3888 PAPAE,
993 3833 1069 3882 QUOD
1089 3833 1171 3875 suctu
1190 3835 1316 3876 IMPERA-

538 3930 606 3971 'rom
626 3930 665 3971 DE
686 3928 886 3971 Iuvusrmtms
906 3929 1133 3972 susceptionis.

415 4040 621 4107 ‘Paschalis
645 4041 860 4123 Episcopus„
873 4039 1002 4105 Servus
1025 4041 1211 4107 Servorum
1235 4044 1315 4122 Dei,

366 4143 544 4207 carissimo
559 4143 595 4205 in
611 4140 750 4205 Christo
767 4140 838 4205 filio
857 4139 1037 4219 Heinrico,
1054 4140 1207 4223 glorioso
1222 4145 1315 4209 Teu-

399 4271 555 4334 ¹Mcrtiai.]
574 4271 667 4321 Marci.
707 4271 749 4321 W.
762 4271 870 4336 Mum!
919 4267 1087 4333 'DiocoauaJ
1106 4271 1243 4323 Decanus.
1285 4275 1316 4323 1c
