2918 4866
379 409 573 458 ruonnnru
602 407 885 457 wroonmrusrs.
1061 392 1106 456 35

152 563 241 628 ciam
273 565 384 630 rediit.
438 566 562 631 Comes
597 585 680 630 vero
704 567 896 630 Rotbertus
921 566 1103 631 castellum

152 665 245 747 quod
278 665 408 730 Holm¹
440 674 658 749 nuncupatur
696 667 842 743 obsedit,
879 667 987 730 donec
1016 667 1102 732 Wil-

152 765 274 829 lelmus
303 765 462 844 Peverel,
491 774 527 831 et
555 785 656 831 occe.
680 767 846 844 homines,
888 768 948 851 qui
984 767 1018 830 id
1045 769 1103 832 de-

152 864 351 943 fendebant,
391 867 442 930 illi
481 888 519 932 se
558 868 732 932 dederent.
787 867 889 946 Quod
917 887 994 931 cum
1027 869 1101 950 regi

151 965 353 1044 innotuerit,
371 969 503 1032 nuntiis
529 968 565 1030 in
581 966 746 1050 Angliam
764 969 891 1044 missiS,
908 959 983 1032 xx?
993 969 1102 1034 millia

152 1067 324 1148 pedonum
357 1069 393 1131 in
424 1068 675 1133 Normanniam
704 1069 812 1153 jussit
838 1069 903 1132 sibi
934 1070 968 1132 in
1000 1071 1101 1134 auxi·

151 1166 236 1230 lium
267 1169 370 1232 mitti.
438 1167 574 1246 Quibus
598 1176 637 1233 ut
661 1189 756 1235 mare
782 1170 980 1246 transirent,
1006 1169 1101 1234 Hea-

151 1268 278 1350 stingae
301 1270 533 1351 congregatis,
555 1270 736 1351 pecuniam
769 1289 847 1353 quae
874 1270 957 1334 data
988 1269 1101 1335 fuerat

153 1367 202 1431 eis
249 1368 292 1431 ad
327 1370 468 1447 victum,
509 1370 741 1452 Rannulphus
781 1369 1101 1435 Passefiambardus

151 1477 326 1551 praecepto
356 1471 447 1551 regis
469 1470 626 1547 abstulit,
659 1471 802 1548 scilicet,
830 1471 1015 1554 unicuique
1042 1471 1101 1536 de·

152 1586 226 1631 cem
256 1570 397 1644 solidoS,
432 1577 466 1634 et
499 1590 559 1634 eos
589 1571 728 1634 domum
760 1570 925 1654 repedare
958 1571 1101 1635 manda·

152 1668 225 1744 vit;
258 1670 441 1753 pecuniam
469 1690 552 1735 vero
581 1672 655 1754 regi
692 1672 895 1735 transmisit.
964 1671 1103 1736 Interea

153 1771 253 1851 gravi
292 1779 328 1835 et
364 1770 503 1835 assiduo
543 1772 682 1850 tributo,
727 1771 971 1854 hominumque
1010 1791 1102 1835 mor·

152 1870 299 1947 talitate,
325 1873 488 1954 praesenti
516 1880 552 1936 et
574 1891 666 1936 anno
696 1873 863 1954 sequenti,
891 1879 965 1935 tota
993 1892 1085 1936 vexa

150 1970 255 2034 batur
282 1970 424 2054 Anglia.
474 1969 533 2035 Ad
558 1972 632 2037 haee
656 1973 761 2035 etiam
782 1973 942 2054 primitus
968 1972 1100 2036 North·
1113 1989 1260 2031 Insuneeuon

152 2069 308 2149 Walani,
325 2072 487 2154 deinceps
502 2071 764 2137 west-Walani
787 2081 822 2136 et
840 2071 1102 2151 Suth·Walani,
1113 2039 1261 2080 &mm

151 2172 329 2236 servitutis
342 2172 443 2256 jugo,
458 2191 527 2256 quo
543 2173 601 2236 diu
617 2174 871 2255 premebantur,
890 2192 1051 2250 excusso,
1067 2181 1103 2238 et

151 2271 285 2337 cervice
308 2281 435 2350 erecta,
451 2273 646 2338 libertatem
673 2274 739 2337 sibi
767 2274 943 2337 vindicare
964 2274 1102 2337 labora-

151 2372 249 2436 bant.
302 2372 404 2437 Unde
430 2373 577 2438 collecta
602 2372 834 2451 multitudine,
850 2374 995 2438 castella
1022 2394 1101 2456 quae

152 2472 188 2535 in
203 2472 487 2538 West-Walonia
504 2473 641 2538 firmata
656 2482 767 2550 erant,
783 2474 999 2556 frangebant,
1017 2481 1053 2538 et
1066 2475 1102 2537 in

154 2571 342 2650 cestrensi,
356 2573 690 2657 Sorobbesbyriensi,
706 2582 740 2638 et
758 2573 1008 2638 Herefordensi
1024 2595 1102 2656 pro·

153 2674 267 2738 vincia
294 2673 492 2757 frequenter
508 2675 609 2738 villas
632 2675 842 2751 cremabant,
858 2675 993 2757 praedas
1020 2694 1102 2756 age-

153 2775 249 2852 bant,
265 2781 301 2838 et
317 2775 445 2840 multos
461 2795 506 2839 ex
528 2773 653 2857 Anglis
680 2782 716 2839 et
740 2774 950 2838 Normannis
971 2775 1102 2847 interfi-

152 2875 299 2939 ciebant.
361 2875 556 2957 Fregerunt
588 2882 623 2939 et
654 2874 835 2939 castellum
869 2875 905 2938 in
936 2874 1102 2938 Mevania

153 2975 280 3052 insula,
295 2995 440 3058 eamque
465 2996 537 3040 suae
553 2976 675 3040 ditioni
694 2975 934 3059 subjiciebant.
986 2973 1101 3037 Inter·
1113 3007 1210 3053 numu,

152 3076 200 3138 im
228 3076 340 3140 Scotti
365 3095 481 3158 regem
515 3095 614 3139 suum
638 3075 842 3153 Dunecban,
872 3082 907 3139 et
941 3094 1019 3138 cum
1059 3094 1101 3139 eo
1110 3057 1249 3156 Rflfifbun.

154 3177 351 3252 nonnulloS,
370 3196 475 3240 suasu
498 3184 533 3240 et
558 3176 699 3240 hortatu
717 3176 916 3253 Duienaldi,
938 3195 1000 3258 per
1021 3175 1102 3237 insi-

153 3277 229 3340 dias
244 3285 474 3358 peremerunt,
491 3285 526 3341 et
545 3277 643 3340 illum
659 3276 725 3340 sibi
740 3297 854 3359 regem
877 3296 998 3340 rursus
1020 3294 1103 3340 oon-

155 3377 353 3441 stituerunt.
414 3377 501 3441 Post
533 3377 607 3440 haec
643 3396 706 3440 rex
729 3376 926 3442 Willelmus
956 3393 1003 3439 JV.
1031 3375 1100 3440 kal.

155 3477 178 3542 J
180 3478 314 3542 anuarii
329 3477 388 3558 [29
403 3477 505 3559 Deo]
521 3475 687 3559 Angliam
702 3477 814 3554 rediit,
827 3487 862 3542 et
878 3484 918 3541 ut
931 3476 1101 3542 Walanos

155 3578 355 3655 debellaret,
380 3597 462 3641 mox
489 3578 679 3642 exercitum
709 3577 745 3640 in
761 3577 959 3642 Waloniam
989 3577 1102 3654 duxit,

155 3678 270 3762 ibique
294 3678 449 3742 homines
465 3686 501 3742 et
513 3697 620 3761 equos
636 3675 784 3760 perdidit
800 3675 954 3742 multos.e

205 3779 272 3843 Vir
288 3779 494 3843 venerabilis
510 3787 545 3843 et
555 3779 656 3843 valde
673 3778 883 3841 admirabilis
897 3779 989 3854 vitae,
1002 3777 1101 3842 Wul-
1127 3791 1188 3833 en·
1199 3792 1255 3830 1⁰⁹⁵·

154 3886 289 3954 stanes,
318 3880 499 3963 episcopus
525 3886 656 3944 sanctae
671 3879 911 3961 Wigornensis
936 3859 1262 3955 eoelesiae,}²i1iirssii⁹‘

154 3981 199 4044 ab
214 3979 447 4044 adolescentia
463 3980 588 4044 divinis
607 3980 825 4061 mancipatus
842 3978 1005 4055 servitiis,
1023 3984 1103 4060 post

154 4081 282 4145 multos
297 4081 409 4145 sancti
435 4081 570 4145 sudoris
596 4100 737 4163 agones,
762 4080 888 4162 quibus
904 4097 966 4162 pro
992 4078 1103 4158 gloria

191 4229 200 4262 ¹
216 4234 315 4299 Heba]
333 4235 370 4284 La
382 4234 501 4287 Houlme.
623 4231 627 4303 Ι
677 4231 763 4284 ²Sax,
775 4233 869 4284 Gbrou.
991 4307 1007 4352 2

957 4317 974 4350 1)
