2918 4866
348 382 393 446 88
532 368 534 371 ’
595 395 844 446 οοΝΤιΝυΑτιο
872 393 1048 442 cunoruor

349 555 571 638 praecipimus
597 574 641 618 ne
670 556 715 619 ab
741 554 859 636 aliqua
886 559 1060 635 potestate
1087 551 1218 615 minore
1250 550 1306 614 vel

350 655 482 738 majore
506 655 736 731 detineantur,
765 654 826 718 sed
854 653 959 716 libere
984 652 1110 716 eisdem
1138 651 1306 714 ministris

351 754 507 820 ccclesiae
543 755 737 831 tradantur,
770 761 805 817 et
833 753 1078 817 ecclesiasticae
1111 750 1304 834 disciplinae

352 855 408 919 vel
426 855 598 931 servituti,
615 853 804 937 episcopali
813 852 956 936 judicio,
973 852 1223 934 mancipentur.

403 972 466 1017 vn.
494 954 544 1018 Ut
570 955 686 1019 nullus
713 953 973 1018 archidiaconus
1000 953 1036 1015 in
1064 952 1209 1016 diversis
1230 950 1305 1033 epi·

353 1053 553 1136 scopatibus
578 1054 731 1118 diversos
758 1052 1058 1117 archidiaconatus
1088 1058 1216 1127 teneat,
1241 1051 1306 1114 suh

354 1154 574 1218 anathemate
600 1153 840 1236 prohibemus:
867 1149 972 1217 immo
997 1152 1029 1216 ei
1054 1152 1111 1215 cui
1134 1151 1230 1233 prius
1252 1169 1306 1214 as-

354 1255 510 1334 signatus
529 1260 582 1316 est
597 1260 730 1317 tantum
746 1253 933 1318 adhaereat.
1328 1328 1331 1332 .

405 1370 483 1417 vui.
506 1353 681 1435 Episcopi,
692 1354 925 1436 presbyteros,
939 1352 1096 1437 ahbateS,
1106 1349 1305 1425 monachos,

355 1453 487 1536 priores
501 1453 686 1536 subjectos
704 1454 837 1518 firmam
853 1460 970 1517 tenere
985 1450 1174 1514 inhibeant.

388 1569 459 1618 dlx.
484 1553 658 1629 Decimas,
679 1553 769 1617 sicut
794 1553 862 1617 Dei
885 1552 1009 1616 summi
1031 1550 1235 1626 dominicas,
1258 1568 1302 1612 ex

356 1653 491 1734 integro
509 1653 605 1716 reddi
622 1653 852 1736 praecipimus.

407 1769 445 1820 X.
470 1753 520 1817 Ut
538 1753 634 1816 nulla
650 1773 800 1835 persona
815 1751 979 1817 ecclesias
996 1750 1049 1815 vel
1063 1749 1226 1825 decimas,
1242 1767 1305 1811 seu

356 1853 520 1934 quaelibet
535 1853 604 1916 alia
620 1853 855 1918 ecclesiastica
871 1851 1048 1927 beneficia,
1069 1851 1126 1914 det
1143 1848 1199 1913 vel
1215 1849 1305 1911 acci-

355 1953 441 2034 piat,
471 1954 545 2016 sine
568 1971 738 2016 consensu
766 1961 801 2018 et
824 1953 1031 2018 auctoritate
1055 1949 1220 2032 episcopi,
1249 1967 1305 2011 ca·

356 2054 482 2115 nonica
497 2053 704 2116 auctoritate
719 2060 888 2117 vetamus.

406 2169 460 2215 xl.
489 2151 598 2214 Nulla
615 2152 791 2216 abbatissa
808 2153 863 2217 vel
881 2150 1153 2216 sanctimonialis
1166 2148 1307 2211 cariori-

355 2251 419 2313 bus
437 2257 556 2314 utatur
572 2251 792 2330 indumentis,
809 2272 914 2335 quam
929 2251 1065 2333 agninis
1081 2250 1136 2314 vel
1153 2237 1303 2314 cattinis

192 2373 238 2412 ru
248 2373 301 2422 eng
408 2350 487 2412 Rex
497 2351 602 2431 igitur
619 2350 818 2429 Heinricus,
830 2373 907 2417 cum
919 2353 1008 2416 inter
1023 2350 1098 2414 haec
1114 2347 1305 2413 Lundoniae

191 2422 335 2512 iiisfliim
356 2456 560 2527 moraretur,
579 2451 707 2515 auditis
729 2453 865 2516 concilii
887 2453 994 2534 gestis
1015 2470 1193 2515 assensum
1215 2467 1304 2530 prae·

192 2523 330 2564 ‘¹¹⁰⁰⁰¹'¹¹⁰¹¹'
355 2550 443 2626 buit,
476 2552 683 2615 auctoritate
720 2554 818 2635 regia
851 2559 886 2616 et
927 2558 1101 2635 potestate
1134 2549 1305 2614 concessit

356 2657 390 2712 et
405 2651 623 2715 confirmavit
648 2659 782 2717 statuta
802 2653 951 2729 concilii,
967 2672 988 2716 a
1003 2651 1180 2716 Willelmo
1197 2648 1303 2713 Cant·

355 2752 516 2814 watiensi
545 2752 803 2836 archiepiscopo
837 2762 873 2817 et
897 2753 932 2817 S.
949 2753 1118 2816 Romanae
1150 2749 1304 2814 ecclesiae

190 2872 331 2961 iiiiii?
355 2848 483 2930 legato,
498 2851 591 2933 apud
607 2852 954 2918 westmonasterium
968 2851 1142 2916 celebrati.
1195 2848 1305 2929 Hugo

190 2951 335 3020 Augustlne’r'.
355 2949 495 3029 quidam
522 2952 672 3027 nomine,
698 2953 740 3016 de
762 2955 966 3036 episcopatu
991 2950 1172 3026 Hrofensi,
1196 2949 1304 3012 abbas

353 3049 547 3128 institutus,
559 3071 580 3115 a
592 3051 781 3130 Willolmo,
791 3052 1019 3117 Doruberniae
1033 3050 1304 3132 archiepiscopo,

354 3148 390 3210 in
419 3148 586 3227 Cicestra,
613 3152 808 3230 Dominico,
840 3153 899 3234 qui
933 3152 1011 3228 fuit,
1042 3168 1081 3216 11.
1111 3151 1189 3214 idus
1219 3149 1303 3213 Jun.

356 3244 415 3332 [12
437 3249 552 3335 Jun.],
577 3251 620 3313 ad
646 3259 817 3334 susceptae
843 3252 1023 3333 dignitatis
1043 3250 1202 3332 gradum,
1224 3268 1304 3332 quae

353 3360 407 3410 est
423 3349 515 3430 apud
532 3349 567 3412 S.
584 3348 831 3431 Augustinum,
848 3352 971 3416 merito
985 3352 1114 3416 honore
1126 3355 1305 3432 promotus

190 3469 326 3519 arenauno.
353 3453 417 3511 est.
483 3449 668 3527 RicarduS,
689 3450 954 3516 Heresordensis
981 3439 1177 3534 episcopuS,
1196 3465 1305 3516 xvnl.

189 3519 325 3609 ii¹¹⁰¹⁰s⁰¹⁶
353 3545 421 3611 kal.
445 3547 657 3631 Septembris
683 3551 742 3633 [15
765 3551 888 3633 Aug.],
913 3552 999 3615 feria
1019 3569 1073 3629 11.,
1088 3550 1181 3633 apud
1205 3569 1304 3613 suam

353 3648 470 3711 villam
501 3669 580 3732 quae
610 3659 757 3715 vocatur
785 3650 1041 3734 Dydelebyrig¹
1066 3651 1170 3724 obiit;
1204 3650 1304 3734 cujus

350 3767 477 3830 corpus
508 3748 680 3815 Hereford
710 3751 874 3828 delatum,
904 3772 983 3815 cum
1012 3750 1238 3834 coepiscopis,
1267 3750 1304 3812 in

350 3849 495 3912 ecclesia
526 3851 703 3932 sepelitur.
771 3851 850 3915 Rex
886 3850 1082 3934 Anglorum
1117 3850 1304 3914 Heinricus

349 3969 443 4013 mare
463 3951 612 4014 transiit.

532 4175 539 4206 ¹
559 4176 747 4240 Dydelebyrig]
768 4177 909 4227 Ledheria.¹
925 4179 996 4228 Edit.
1008 4180 1057 4227 ond
1068 4180 1098 4230 L.
