2918 4866
429 396 629 446 snouuuuli
647 398 930 447 WIGORNlllNSIS.
1089 383 1155 451 267

200 557 405 639 Londoniae,
445 560 489 625 ad
524 560 859 644 archiepiscopatum
899 559 1066 626 Cantuar.
1101 568 1305 675 estgpgffiop.

205 660 347 725 electus.
400 661 573 742 Magister
609 660 763 725 Thomas
802 659 891 738 Bek,
934 661 1155 725 Menevensrs
1169 681 1312 772 ffihgffill·

205 760 400 843 episcopus,
427 762 534 836 obiit3
569 761 626 825 cui
648 761 814 826 successit
836 761 976 844 quidam
999 761 1154 839 clericus,
1170 783 1286 830 aaa..

205 853 360 943 ejusdem
388 861 455 925 loci
481 861 680 939 canonicus,
712 861 825 926 dictus
854 862 1020 943 magister
1040 861 1155 926 David
1169 834 1319 924 mans,

204 959 296 1023 filius
325 961 482 1025 Martini.
535 961 698 1027 Offensus
725 961 762 1025 in
792 960 995 1039 Antonium,
1024 960 1307 1044 spino-nasae

205 1079 287 1142 pum
330 1059 611 1140 Dunelmensem,
651 1060 843 1140 Johannes,
873 1060 1155 1145 archiepiscopus
1169 1033 1318 1122 {ffiiaiiim'

203 1159 447 1239 -Eboracensis,
480 1181 522 1227 eo
556 1160 648 1244 quod
685 1181 723 1225 se
756 1169 792 1226 et
828 1163 1018 1244 capitulum
1054 1181 1155 1233 sunm
1168 1133 1281 1224 ‘aldid‘

204 1259 441 1325 Dunelmense
467 1261 558 1327 idem
584 1260 758 1326 Antonius
787 1262 922 1327 visitari
945 1281 967 1326 a
993 1281 1042 1339 se,
1069 1268 1108 1325 ut
1133 1282 1155 1327 a

204 1379 269 1424 suo
300 1361 459 1443 primate,
489 1382 557 1426 non
595 1362 761 1444 permisit,
793 1361 1156 1426 excommunicationis

204 1461 411 1524 sententiam
440 1461 478 1524 in
509 1463 629 1544 <ipsum
661 1462 931 1526 Dunelmensem
968 1480 1156 1543 omnesque

205 1579 283 1623 cum
316 1580 357 1626 eo
392 1562 682 1626 communicantes
712 1561 849 1643 publice
877 1568 912 1625 et
943 1561 1156 1626 sollemniter

204 1659 459 1727 fulminaverat.
517 1662 688 1728 Dominus
717 1662 824 1744 igitur
859 1680 937 1739 rex,
967 1667 1042 1724 tum
1073 1662 1155 1743 quia

203 1758 382 1824 familiaris
412 1780 496 1825 suns
523 1762 768 1826 Dunelmensis
791 1760 920 1839 extitit,
949 1768 1022 1825 tum
1050 1761 1155 1826 etiam

204 1861 286 1942 quia
311 1879 494 1942 personam
516 1880 614 1925 suam
637 1868 673 1925 et
694 1861 843 1925 filiorum
860 1880 1013 1938 suorum,
1036 1870 1155 1926 contra

204 1961 421 2042 privilegium
449 1961 515 2025 sibi
544 1981 566 2026 a
596 1961 692 2025 curia
722 1960 883 2026 Romana
912 1961 1097 2038 indultum,
1132 1982 1155 2026 a

204 2061 377 2124 sententia
410 2061 495 2139 lata,
523 2067 563 2124 ut
591 2068 763 2139 asserunt,
794 2080 863 2126 non
894 2069 1092 2143 exceperat,
1118 2063 1154 2126 in

206 2159 454 2225 Eboracensem
481 2160 604 2226 saevire
629 2160 809 2244 disposuit.
861 2160 941 2239 Quo
966 2168 1153 2245 comperto,

205 2260 303 2323 salvo
322 2259 403 2343 jure
425 2260 578 2325 ecclesiae
600 2281 673 2325 suae
697 2262 926 2326 Eboracensis
952 2263 1155 2346 actioneque

205 2378 270 2422 sua
291 2367 414 2425 contra
437 2361 715 2440 Dunelmensem,
741 2361 869 2426 domini
891 2362 982 2444 regis
1006 2363 1155 2444 gratiam

205 2465 240 2522 et
262 2478 394 2542 pacem,
411 2462 521 2525 tribus
546 2462 711 2526 librarum
739 2461 890 2526 millibus
912 2462 1155 2541 mediantibus,

204 2560 358 2624 redemit.
406 2560 553 2625 Factum
581 2568 635 2626 est
658 2562 817 2643 proelium
841 2564 1005 2643 'magnum
1031 2563 1317 2632 navalenmvnnga

204 2666 240 2722 et
270 2659 431 2724 horribile
466 2681 575 2744 prope
609 2662 771 2726 Sanctum
806 2659 1029 2726 Matthaeum¹
1066 2634 1310 2734 interllllillll

203 2757 410 2842 Anglorum,
422 2760 717 2840 Hibernieusium,
729 2770 764 2826 et
774 2762 1017 2826 Baionensium
1028 2761 1074 2826 ex
1085 2782 1155 2828 una
1167 2735 1281 2820 'imi‘

202 2866 313 2940 parte,
331 2867 366 2923 et
383 2860 419 2924 N
421 2880 665 2926 ormannorum
677 2881 722 2925 ex
738 2862 859 2937 altera,
872 2862 1022 2943 navigia,
1041 2862 1155 2927 idibus

203 2957 227 3022 J
229 2978 288 3022 un.
303 2956 363 3043 [13
377 2960 401 3024 J
403 2962 493 3042 un.],
504 2961 566 3025 fer.
582 2979 644 3039 vr„
658 2962 817 3044 proxima
832 2971 911 3026 ante
921 2961 1048 3025 festum
1063 2960 1156 3026 Pen-

203 3066 374 3135 tecostes3
412 3062 448 3124 in
481 3080 549 3142 quo
583 3060 795 3125 Normannis
831 3070 866 3127 et
897 3081 1015 3125 eorum
1044 3062 1153 3145 copiis

203 3177 313 3240 usque
344 3159 389 3224 ad
419 3161 700 3237 internecionem,
728 3170 803 3226 tum
833 3180 926 3244 aqua
957 3168 1031 3225 tum
1061 3161 1152 3228 ferro

203 3260 313 3335 caesis,
336 3260 535 3337 submersis,
558 3268 593 3325 et
621 3261 848 3343 consumptis,
879 3262 1013 3342 ingenti
1034 3263 1153 3344 pr‘aeda

203 3358 418 3442 victoriaque
441 3360 652 3443 triumphali,
675 3361 808 3443 absque
828 3361 946 3443 aliquo
971 3362 1025 3424 sui
1050 3381 1150 3426 exer-

203 3459 292 3522 citus
322 3460 462 3537 damno,
490 3461 591 3542 potiti
621 3468 704 3525 sunt
725 3460 847 3543 Angli.
899 3461 1034 3526 Novies
1060 3463 1151 3526 enim

203 3574 272 3628 xx.
290 3578 397 3622 naves
420 3560 462 3624 de
485 3559 696 3624 Normannis
720 3562 756 3624 in
776 3581 818 3625 eo
841 3561 1003 3626 conflictu
1028 3569 1151 3645 captae,

202 3664 237 3721 et
268 3659 361 3721 inter
392 3659 540 3724 victores
574 3669 657 3725 sunt
692 3660 895 3729 distributae.
965 3661 1083 3726 Unum
1115 3662 1152 3724 in

201 3765 330 3822 sortem
353 3757 567 3824 Geruemuth
588 3776 686 3824 xxx.
709 3779 814 3825 naves
836 3781 980 3839 cessere,
1002 3769 1038 3825 et
1059 3761 1151 3843 apud

202 3856 427 3934 Gernemuth,
473 3879 551 3923 curn
597 3860 729 3941 ingenti
780 3860 911 3943 praeda,
963 3861 1178 3943 spoliorum.
1243 3906 1246 3911 ·
1293 3881 1296 3887 ·

201 3959 351 4035 nomine,
382 3966 464 4023 sunt
493 3959 673 4040 abductae3
708 3959 852 4042 reliquae
876 3981 959 4026 vero
984 3961 1074 4024 inter
1096 3957 1151 4024 ress

200 4057 326 4140 liquos,
349 4079 413 4140 pro
442 4078 585 4123 numero
610 4059 816 4124 bellatorum
839 4067 875 4125 et
900 4059 1042 4136 auxilio,
1070 4067 1153 4124 sunt

299 4209 307 4240 ¹
323 4212 440 4263 Sanctum
451 4213 623 4278 Matiana]
641 4214 678 4264 St.
691 4213 782 4279 Mulie,
792 4229 808 4264 a
818 4218 876 4277 port
886 4214 913 4263 in
925 4215 1052 4276 Brittuny.
