2918 4866
362 379 556 427 rmnnnrii
581 379 863 429 wiconuinusis.
1049 365 1094 428 93

142 532 291 634 lilliensis
320 537 452 617 primus
488 537 684 619 episcopus,
721 555 776 603 iii.
811 536 882 602 kal.
920 538 1094 620 Septemb.
1106 555 1241 644 guiumar

142 629 203 724 [ao
219 633 343 718 Aug.],
358 637 456 714 obiit,
471 637 656 700 indictione
672 655 726 701 ix.
1107 604 1258 695 0i:⁰‘¹³¹¹⁸²⁰¹

192 734 303 799 Stella
330 747 494 813 cometes,
524 753 602 800 vui.
634 737 711 800 idus
740 736 902 801 Octobris
922 735 960 823 [8
984 737 1095 824 Oct.],
1119 753 1249 794 ΔΜ.

1107 821 1126 859 Α
1135 824 1213 860 comet.

141 833 213 898 fere
238 852 358 917 perv.
382 837 456 900 dies
479 837 652 919 apparuit.
711 837 872 901 Maxima
893 858 975 920 pars
999 839 1091 901 Lun·
1106 871 1248 920 Agrestpart

142 934 256 999 deniae
293 935 457 1013 civitatis,
492 956 569 999 cum
605 937 787 1019 principali
819 936 965 1001 ecclesia
1002 937 1094 1002 beati
1107 921 1225 1011 ssiffildffl

143 1033 245 1097 Pauli
261 1033 435 1117 Apostoli,
451 1037 487 1099 in
502 1036 718 1100 hebdomada
738 1036 978 1114 PentecosteS,
1002 1038 1094 1120 quod

143 1141 219 1198 erat
235 1151 276 1199 11.
293 1135 371 1198 idus
392 1135 480 1199 Maii
504 1133 564 1220 [14
580 1135 699 1221 Μαίη,
722 1137 802 1216 igne
825 1139 1007 1200 combusta
1029 1145 1094 1202 est.

144 1231 249 1298 Anno
272 1251 416 1312 xxxiii.
439 1256 484 1299 ex
511 1256 579 1318 quo
603 1255 665 1299 rex
689 1235 880 1316 Anglorum
907 1236 1250 1314 Heinricusaeparkaue

143 1354 289 1415 regnare
302 1337 419 1417 coepit,
434 1335 521 1399 feria
535 1353 596 1412 iv„
610 1336 665 1399 die
683 1336 787 1400 etiam
803 1336 892 1418 ipso,
906 1337 1096 1401 secundum
1107 1304 1233 1394 miii*

145 1434 227 1497 anni
243 1434 504 1512 revolutionem,
519 1454 589 1517 quo
604 1435 712 1499 frater
729 1442 765 1499 et
784 1455 974 1518 praecessor
991 1436 1096 1514 illius,

146 1533 343 1598 Willelmus
358 1535 490 1598 scilicet
506 1534 622 1599 Rufus
647 1555 722 1611 rex,
746 1535 948 1599 interfectus
970 1543 1035 1613 est,
1062 1546 1098 1600 et

144 1634 219 1716 ipse
252 1633 440 1698 Heinricus
473 1635 584 1717 primo
616 1635 714 1715 regni
746 1635 801 1698 sui
830 1655 920 1698 anno
944 1637 1098 1717 suscepit

145 1735 391 1815 gubernacula,
404 1733 474 1799 tale
489 1742 627 1799 constat
637 1735 824 1816 contigisse
837 1735 1074 1817 spectaculum
1087 1755 1095 1798 :

147 1833 235 1897 Cum
274 1835 382 1916 igitur
419 1855 481 1898 rex
517 1835 703 1916 praedictus
736 1835 829 1898 circa
863 1835 969 1897 maris
999 1834 1097 1898 littus

146 1934 394 1998 transfretandi
420 1953 525 1998 causa
544 1941 749 2010 moraretur,
773 1941 875 1998 vento
902 1933 1030 2016 saepius
1053 1934 1097 1998 ad

147 2034 439 2098 transfretandum
471 2034 643 2098 existente
677 2034 839 2111 secundo,
871 2034 1006 2098 tandem
1042 2034 1098 2097 die

146 2136 303 2216 praefate,
322 2135 414 2198 circa
429 2133 617 2211 meridiem,
627 2154 705 2198 cum
722 2134 765 2198 ad
778 2153 872 2197 mare
889 2135 1098 2198 transiturus

146 2235 368 2316 perrexisset,
389 2253 541 2311 suorum,
562 2241 602 2297 ut
624 2254 699 2298 mos
722 2242 776 2298 est
798 2235 950 2315 regibuS,
968 2235 1096 2299 consti-

147 2342 250 2415 patus
286 2334 435 2398 militum
469 2335 603 2412 turmis,
639 2333 754 2398 subito
792 2335 827 2398 in
867 2333 947 2398 a'e're
989 2335 1097 2397 nubes

148 2435 323 2516 apparuit,
354 2453 432 2516 quae
464 2440 580 2497 tamen
613 2433 767 2515 ejusdem
799 2435 1005 2516 quantitatis
1036 2454 1098 2516 per

147 2534 342 2598 universam
360 2533 526 2615 Angliam
546 2553 615 2597 non
632 2535 836 2615 comparuit.
890 2533 933 2596 In
956 2535 1098 2614 quibus-

148 2633 227 2697 dam
249 2633 340 2697 enim
363 2633 448 2698 locis
464 2633 565 2716 quasi
582 2633 655 2696 dies
671 2634 837 2696 obscurus
854 2632 1045 2711 videbatur,
1060 2634 1097 2696 in

147 2733 351 2816 quibusdam
365 2753 447 2797 vero
464 2739 571 2796 tantae
582 2733 802 2796 obscuritatis
814 2739 900 2808 erat,
916 2739 955 2796 ut
970 2732 1098 2796 lumine

148 2833 299 2897 candelae
330 2832 374 2896 ad
412 2831 589 2914 quodlibet
626 2832 796 2913 agendum
838 2832 915 2914 ipsa
950 2832 1099 2914 protecti

148 2932 301 2996 homines
311 2933 523 3013 indigerent.
577 2931 679 2995 Unde
695 2951 757 2994 rex
781 2930 943 3012 latusque
965 2931 1098 3012 regium

148 3034 339 3097 ambientes
350 3039 386 3096 et
403 3032 462 3095 alii
477 3030 670 3114 complures
686 3031 863 3107 mirantes
876 3032 954 3094 etin
972 3030 1098 3094 coelum

148 3132 267 3196 oeulos
304 3132 473 3208 levantes
505 3131 613 3195 solem
650 3130 695 3194 ad
733 3130 844 3194 instar
875 3150 976 3194 uovae
1006 3130 1098 3194 lunae

147 3232 262 3296 lucere
281 3237 549 3314 conspexerunt,
571 3232 632 3314 qui
657 3238 772 3294 tamen
793 3251 863 3295 non
886 3229 946 3293 diu
970 3249 1007 3292 se
1031 3250 1099 3294 uno

148 3333 250 3396 modo
280 3332 450 3411 babebat3
478 3351 558 3394 nam
579 3331 765 3412 aliquando
797 3331 912 3406 latior,
941 3330 1098 3411 aliquan-

148 3432 206 3495 diu
233 3431 402 3507 subtilior,
434 3431 642 3513 quandoque
676 3431 862 3506 incurvior,
892 3430 1099 3512 quandoque

148 3532 306 3608 erectior,
324 3550 416 3594 nunc
433 3530 537 3594 solito
556 3531 658 3594 modo
680 3530 808 3606 firmus
827 3530 929 3594 modo
946 3550 1098 3606 movens,

148 3638 184 3694 et
203 3631 247 3695 ad
268 3633 378 3695 instar
400 3631 471 3695 vivi
495 3630 631 3712 argenti
650 3639 765 3693 motus
782 3636 817 3693 et
833 3629 985 3712 liquidus
1002 3630 1098 3694 vide-

149 3732 261 3795 batur.
323 3729 496 3795 Asseruut
519 3730 659 3813 quidam
680 3729 837 3811 eclipsim
862 3729 946 3793 solis
970 3729 1098 3793 factam

148 3831 267 3908 fuisse,
293 3831 431 3913 quodsi
452 3850 571 3894 verum
588 3835 654 3906 est,
671 3836 753 3893 tuno
770 3828 822 3892 sol
840 3829 964 3893 eratin
982 3830 1097 3912 capite

149 3930 320 4007 draconis,
353 3941 388 3995 et
416 3931 499 3994 luna
527 3931 563 3993 in
597 3929 720 4005 cauda,
749 3928 806 3993 vel
835 3927 887 3991 sol
924 3928 959 3991 in
987 3930 1099 3992 cauda

149 4037 184 4093 et
206 4030 290 4094 luna
311 4033 348 4094 in
370 4030 496 4113 capite,
524 4031 561 4092 iu
583 4034 627 4094 νο.
655 4029 767 4110 signo,
794 4028 830 4091 in
856 4033 960 4090 xv110.
988 4029 1099 4108 gradu

149 4130 259 4212 ipsius
298 4131 399 4211 signi.
470 4131 557 4193 Erat
592 4137 709 4194 autem
741 4135 825 4192 tunc
858 4127 942 4190 luna
975 4142 1099 4192 xxvii.
