2918 4866
373 360 439 424 124
622 376 873 425 courrnuirw
896 368 1078 424 crinorum·

209 555 303 654 {mn
373 559 487 604 comes
519 538 763 620 Wigurnensis
795 557 873 603 cum
905 538 1028 618 grandi
1061 536 1216 600 exercitu
1246 534 1323 600 Wi-

210 656 329 696 worceuer
372 661 518 722 gornam
544 640 697 716 veniunt,
730 645 766 702 et
794 638 942 703 evolutis
974 637 1161 719 aliquantis
1189 635 1324 714 diebus,

211 708 328 798 illlffffl*
372 743 469 825 prius
496 759 625 818 comes,
652 746 775 823 postea
797 759 873 816 rex,
900 758 977 801 cum
1004 738 1158 801 maxima
1180 736 1324 819 expedi·

372 842 467 906 tione
492 860 637 924 parvam
663 840 791 904 adeunt
817 839 1073 915 Herefordiam,
1100 837 1218 901 hostes
1242 855 1324 901 suos

208 957 352 1047 Tlewkeuurr
373 941 547 1006 hincinde
570 940 816 1022 expugnaturi.
868 938 1031 1004 Morante
1051 939 1170 1020 itaque
1191 957 1273 1020 rege
1288 937 1324 1000 in

209 1010 441 1104 lllne‘lllllb'illis
471 1041 639 1124 partibuS,
663 1059 778 1104 comes
803 1059 934 1104 mernor
962 1039 1168 1123 injuriarum
1196 1038 1323 1102 civium

209 1109 333 1150 wmoemr'
372 1161 525 1218 suorum,
539 1142 574 1203 in
592 1141 692 1222 gravi
713 1139 934 1203 multitudine
955 1145 1167 1203 armatorum
1189 1137 1323 1201 Tende-

372 1240 570 1325 kesbyriam
595 1238 742 1318 invadit,
774 1239 992 1321 magnificam
1023 1240 1161 1303 domum
1195 1236 1322 1301 Glaor-

372 1342 488 1404 nensis
512 1341 659 1417 comitis,
692 1347 729 1404 et
760 1339 877 1404 omnia
907 1359 985 1422 quac
1013 1338 1220 1403 incircuitu
1246 1339 1322 1422 ejus

373 1448 483 1518 erant,
497 1441 712 1523 quorundam
728 1441 832 1504 etiarn
847 1437 1010 1504 aliorum¹
1028 1439 1108 1522 igne
1123 1439 1324 1515 combussit,

372 1541 520 1605 miliario
548 1560 618 1606 unu
644 1541 796 1605 distante
822 1560 844 1604 a
873 1539 1040 1604 Glaorna.
1093 1539 1219 1602 Victus
1244 1556 1323 1622 pre·

372 1642 470 1705 cibus
497 1641 628 1706 domini
653 1641 790 1704 abbatis
813 1639 1168 1723 Teodekesbyriensis
1190 1645 1226 1702 et
1252 1638 1322 1703 fra·

372 1749 477 1818 trum,
513 1743 616 1805 rebus
652 1740 791 1804 illorum
830 1741 995 1823 pepercit.
1068 1738 1149 1803 Non
1186 1738 1322 1802 modica

372 1842 492 1923 praeda
522 1850 637 1923 capta,
663 1847 735 1905 tarn
761 1840 803 1904 de
829 1840 1024 1904 hominibus
1050 1846 1086 1903 et
1115 1839 1323 1921 supellectili

373 1960 504 2019 eorum,
527 1961 632 2023 quam
655 1941 697 2004 de
720 1940 938 2018 animalibus,
962 1949 1122 2022 respectu
1144 1959 1227 2004 mox
1254 1940 1324 2003 cle·

373 2042 494 2118 menti,
510 2042 570 2122 qui
596 2042 727 2122 captivi
750 2041 977 2117 ducebantur,
999 2060 1021 2104 a
1046 2041 1191 2106 vinculis
1217 2039 1323 2103 soluti

373 2140 418 2204 ad
434 2161 498 2205 sua
512 2140 624 2204 redire
635 2138 751 2225 jussit,
771 2146 806 2203 et
820 2141 971 2205 crastino
990 2133 1193 2222 Wigornam
1210 2140 1323 2216 rediit,

374 2247 573 2307 contestans
596 2241 754 2305 omnibus
776 2260 813 2303 se
832 2261 895 2305 nec
915 2242 951 2305 in
973 2240 1189 2304 Normannia
1209 2240 1324 2304 necin

376 2340 506 2423 Anglia
528 2347 661 2404 tantam
685 2341 957 2405 combustionem
972 2342 1034 2405 vix
1056 2360 1208 2422 unquam
1227 2359 1325 2423 pere-

376 2441 481 2523 gisse.
533 2441 614 2504 Rex
638 2448 753 2503 autem
772 2440 907 2505 rediens
931 2441 1149 2521 wigornam,
1168 2441 1219 2504 ire
1247 2460 1324 2522 per-

213 2556 352 2607 Muurtcebr·
375 2541 469 2605 rexit
511 2539 794 2606 Oxenefordiam.
862 2541 1090 2624 supradictus
1132 2541 1325 2606 Mauricius

213 2609 347 2698 llllfnllred
377 2641 630 2722 Bangornensi‚
653 2648 688 2705 et
709 2640 888 2705 Uhtredus
913 2641 1146 2706 Laudaviensi
1171 2641 1326 2706 ecclesiae

213 2708 349 2748 oleandaff
907 2741 913 2754 .
1273 2742 1280 2756 .

212 2759 358 2799 consecrate.
375 2740 541 2824 praesules
560 2761 582 2805 a
603 2740 805 2805 Theobaldo
820 2741 1065 2824 archipraesule
1083 2742 1326 2817 Dorubermae,

376 2841 606 2924 praesentibus
637 2842 809 2923 episcopis
841 2842 1092 2908 Herefordensi
1120 2849 1155 2905 et
1193 2841 1326 2905 Exece-

376 2943 514 3018 strensi,
533 2948 789 3007 consecrantur.
842 2942 924 3005 Rex
941 2942 1156 3007 Wintoniam
1174 2943 1327 3018 venienS,

377 3042 521 3105 consilio
547 3042 715 3105 baronum
737 3060 891 3119 suorum,
920 3042 1127 3107 cancellario
1154 3061 1219 3106 suo
1244 3041 1329 3104 Phi-

376 3140 472 3223 lippo
498 3141 815 3224 Searesbyriensem
845 3144 1083 3224 praesulatum,
1112 3148 1147 3205 et
1173 3141 1329 3207 Henricu

378 3241 515 3304 cuidam
547 3242 728 3318 monacho,
754 3250 904 3322 cognato
935 3261 1011 3319 suo,
1041 3243 1326 3306 Fescamnensem

218 3350 346 3402 xnenps.
379 3340 554 3404 abbatiam
581 3334 702 3405 dedit?
769 3340 919 3425 Eclipsis
948 3343 1044 3420 salic,
1072 3343 1154 3407 dum
1182 3340 1329 3406 caudam

378 3440 463 3503 luna
478 3440 638 3503 draconis
655 3447 817 3523 occupat,
833 3449 886 3506 est
907 3443 1013 3521 facta,
1031 3449 1137 3525 caput
1160 3442 1237 3524 ipso
1251 3441 1330 3506 luce

378 3536 582 3622 premente.3

380 3746 689 3867 suilsAfflfflthoe
697 3763 755 3798 cum
767 3751 844 3798 rebus
905 3782 916 3812 ³
928 3784 1212 3849 Eclipsis...premeate.]
1221 3785 1334 3847 Eclipsis

593 3887 681 3950 n]
870 3854 1022 3988 {ltu

869 3996 956 4044 horam
973 3960 1027 4044 dial
1043 3997 1152 4044 tertiam.
1171 3960 1247 4046 Euta'
1277 3995 1332 4045 The

869 4066 954 4115 words
983 4067 1010 4114 in
1031 4065 1074 4115 the
1097 4070 1151 4114 text
1173 4079 1217 4115 are
1239 4066 1266 4114 in
1289 4066 1335 4116 red

868 4136 923 4186 ink.

378 3959 466 4018 lippus
478 3972 494 4005 a
509 3958 593 4020 legato
604 3963 630 4007 et
641 3958 708 4006 clero
719 3973 768 4006 non
779 3958 844 4006 reci·

379 4027 528 4090 pitur,unde
536 4029 595 4076 inde
602 4032 759 4089 assumptus,
767 4029 842 4076 Baio·

379 4099 449 4148 censi
470 4098 586 4147 ecclesiae
609 4102 668 4159 post
684 4098 842 4159 aliquantum

378 4174 479 4231 tempus
491 4169 638 4231 praeficitur.
658 4167 723 4218 And.
736 4168 796 4219 eutr.
