2918 4866
375 397 567 447 uuonuuru
592 399 874 465 wrconurunsrs.
1037 385 1101 450 125

203 555 357 621 Consilio
377 560 543 623 baronum
567 561 659 643 regis
684 561 841 624 Franciae
867 559 1031 641 Philippi,
1049 557 1098 622 et¹
1113 576 1258 676 gteetggtefflu

151 658 243 738 regis
262 655 400 740 Angliae
423 659 601 742 Stephani,
617 661 748 725 factum
764 668 816 725 est
838 669 878 725 ut
899 659 992 723 illius
1008 659 1100 722 filius
1113 677 1259 768 :3313th

153 757 366 822 Francorum
388 760 481 841 regis
506 779 658 826 sororem
687 762 859 844 acciperet
880 761 917 823 in
944 779 1099 823 uxorem.
1113 779 1198 827 kingot

155 857 265 922 Facta
284 867 337 922 est
358 860 581 942 desponsatio
601 861 736 925 illorum
760 881 876 925 mense
900 860 1100 936 Februario,
1115 830 1201 868 mm

152 959 188 1020 in
203 961 442 1023 transmarinis
458 962 624 1043 partibus
643 970 753 1025 matre
770 963 890 1043 regina
905 959 1100 1043 Anglorum

153 1069 335 1140 praesente,
368 1068 403 1124 et
433 1061 695 1144 quampluribus
725 1062 807 1124 viris
845 1061 1018 1125 nobilibus
1056 1080 1101 1124 ex

153 1159 331 1242 utriusque
349 1161 445 1243 regni
460 1169 559 1243 parte
581 1181 697 1225 coram
715 1162 849 1244 positis.
902 1159 1007 1225 Miles
1024 1161 1100 1243 qui·
1115 1179 1258 1220 nonturno

153 1259 245 1334 dam,
274 1261 410 1324 nomine
438 1261 641 1338 Rotbertus,
670 1261 853 1345 cujusdam
883 1261 1006 1325 nobilis
1036 1261 1101 1325 viri
1115 1231 1224 1321 illiti.

154 1358 306 1423 Huberti
316 1368 392 1425 erat
403 1360 523 1426 filius.2
575 1362 647 1425 Hic
663 1382 725 1425 nec
741 1363 855 1426 Deum
871 1380 933 1426 nec
945 1361 1101 1425 homines
1114 1332 1266 1432 libitina

153 1460 295 1536 veritus,
308 1461 368 1523 sed
381 1469 477 1526 totus
490 1462 527 1524 in
539 1463 611 1525 suis
622 1462 751 1526 viribus
762 1461 923 1537 confisus,
937 1460 1103 1525 Malmes-

154 1560 312 1642 byriense
328 1561 507 1626 castellum
526 1581 604 1625 curn
632 1562 704 1625 suis
726 1562 796 1625 doli
819 1561 1103 1624 machinamentis

153 1661 292 1736 invasit,
302 1662 393 1742 regis
406 1661 583 1740 militibus,
596 1662 654 1744 qui
670 1661 884 1736 intuserant,
898 1661 1102 1744 quibusdam

154 1760 190 1823 in
221 1759 401 1824 ecclesiam
433 1763 546 1825 sancti
568 1761 726 1844 praesulis
750 1759 913 1837 Aldelmi,
942 1761 1037 1824 velut
1065 1762 1102 1823 in

154 1860 302 1944 asylum,
330 1861 552 1944 fugientibus.
606 1860 704 1940 Quos
729 1861 919 1936 insecutus,
952 1860 1101 1943 quadam

154 1961 209 2024 die
233 1981 311 2025 cum
333 1962 405 2026 suis
431 1962 537 2025 armis
559 1961 766 2025 militaribus
790 1961 981 2037 instructiS,
1008 1962 1102 2042 capi-

154 2061 264 2125 tulum
282 2061 427 2125 fratrum
445 2063 599 2138 intravit,
615 2061 716 2125 minis
732 2082 792 2126 eos
811 2062 985 2137 territans,
1001 2061 1102 2124 salva

154 2161 299 2225 tuitione
310 2160 515 2226 facultatum
530 2181 683 2239 suarum,
697 2163 802 2244 regiae
815 2162 995 2244 dignitatis
1007 2162 1102 2225 viros

154 2281 231 2325 curn
258 2263 356 2344 equis
380 2262 471 2326 tradi
495 2263 561 2326 sibi
581 2263 767 2326 mandavit.
820 2261 870 2326 At
896 2261 956 2337 illi,
981 2281 1100 2344 pacem

155 2363 223 2426 Dei
235 2369 270 2425 et
286 2362 379 2426 beati
394 2363 531 2444 patroni
547 2363 601 2426 sui
616 2362 769 2428 Aldolmi
783 2362 971 2443 infringere
986 2363 1101 2439 veriti,

150 2462 258 2545 jussis
276 2462 473 2547 hujusmodi
490 2464 683 2528 consentire
701 2470 873 2542 renuunt;
897 2468 934 2526 at
951 2462 1101 2539 demum,

154 2561 235 2627 licet
258 2563 370 2641 inviti,
386 2569 456 2645 quo
480 2564 630 2627 vesaniae
652 2564 746 2627 illius
772 2562 1001 2639 satisfaciant,
1025 2563 1102 2626 red-

156 2662 241 2727 dunt
271 2683 391 2746 equos.
443 2663 585 2727 Diutius
613 2664 673 2728 illo
697 2665 732 2727 in
761 2662 906 2728 castello
932 2672 1101 2739 morante,
1114 2685 1239 2726 suntuna.
1248 2683 1266 2723 n

150 2763 225 2846 jam
246 2764 396 2828 vastatis
414 2765 572 2828 omnibus
592 2764 628 2827 in
645 2764 805 2840 circuitu,
820 2783 884 2826 rex
901 2782 978 2826 oum
1001 2782 1100 2826 exer.
1114 2736 1247 2786 ¹⁰⁸‘⁰P¹¹⁸¹¹·

154 2863 224 2927 citu
255 2865 468 2946 supervenit,
500 2871 535 2928 et
562 2864 633 2928 fere
666 2882 743 2929 vm.
772 2864 893 2927 diebus
918 2862 1101 2927 castellum

153 2963 298 3027 obsedit.
350 2964 547 3029 Willelmus
568 2965 611 3028 de
636 2965 729 3049 lpre,
752 2973 792 3029 ut
813 2964 932 3040 fertur,
955 2982 1100 3026 consan-

154 3064 301 3145 guineus
318 3064 427 3146 ipsius
446 3065 617 3142 Rotberti,
634 3067 677 3131 ad
693 3065 905 3130 reddendum
921 3063 1100 3127 castellum

152 3165 314 3247 utrinque
337 3166 570 3230 internuntius
594 3167 670 3243 fuit,
692 3167 797 3249 idque
819 3164 958 3229 tandem
976 3183 997 3227 a
1019 3183 1101 3245 rege

151 3265 314 3341 obtinuit,
343 3272 395 3340 ut,
425 3265 558 3330 dextris
587 3267 679 3331 datis
714 3273 749 3330 et
780 3264 925 3330 castello
954 3264 1101 3342 reddito,

151 3366 248 3447 regio
266 3365 340 3449 juri
364 3364 480 3430 omnia
505 3367 639 3432 cedant.
694 3366 797 3446 Quod
822 3374 856 3430 et
882 3365 1100 3429 factumest.

152 3465 343 3530 Rotbertus
363 3486 445 3530 vero
470 3467 513 3530 ad
540 3469 700 3532 comitem
726 3467 1028 3531 Glaocestrensem
1050 3466 1101 3530 di-

152 3566 268 3644 vertit,
299 3585 405 3649 penes
430 3567 525 3630 illum
560 3569 604 3633 ad
637 3576 774 3650 tempus
802 3568 837 3630 in
869 3565 940 3630 doli
970 3585 1103 3630 veneno

151 3674 358 3731 moraturus.
412 3666 495 3731 Nou
527 3669 637 3733 multo
668 3675 759 3750 post,
790 3667 874 3749 quia
905 3666 1103 3730 nullatenus

152 3766 263 3830 voluit
282 3766 530 3848 intelligerent
549 3770 635 3833 bene
652 3776 783 3850 ageret,
799 3767 859 3831 sed
878 3775 917 3831 ut
935 3767 1103 3848 sanguine

188 3986 196 4018 ¹
214 3985 388 4050 Philippi,et.]
398 3987 535 4036 Potitione.
546 3986 612 4038 Add.
639 3988 750 4049 Hubert,
763 3988 814 4035 and
831 3987 874 4035 the
891 3986 1060 4034 transactione
1077 3985 1104 4033 in

153 4055 212 4106 edit.
637 4058 723 4107 which
732 4058 764 4106 he
772 4071 827 4107 was
835 4057 959 4120 engaged,
972 4071 1014 4104 see
1023 4055 1104 4104 Gesta

187 4122 318 4189 wirina]
336 4127 387 4175 For
397 4127 494 4176 further
501 4128 614 4189 particu-
639 4127 772 4190 Stephani,
789 4143 833 4189 pp.
852 4131 894 4189 66,
910 4142 983 4188 seqq„
1001 4126 1051 4172 and
1062 4126 1104 4175 W.

151 4197 203 4245 lars
230 4194 340 4259 relating
366 4201 392 4245 to
420 4197 515 4247 Robert
544 4198 613 4246 Fitz-
639 4199 777 4248 Malmesb.
790 4213 835 4260 pp.
848 4199 1044 4259 726,733,Ὶ34.
