2918 4866
373 385 438 451 128
618 398 867 449 conrrnunrro
890 398 1065 449 annorum

373 560 487 638 multi,
516 558 740 642 quamplures
770 558 998 623 vulnerantur
1025 566 1061 623 et
1092 558 1321 634 occiduntur;

374 681 519 743 quorum
534 679 623 723 unus
647 659 828 723 Galfridus
847 659 1050 736 TelebotuS,
1067 660 1166 723 miles
1182 659 1322 742 quidem

374 768 535 825 strenuus
558 760 618 824 sed
640 759 793 836 dolosus,
808 779 900 824 nunc
918 761 1010 824 enim
1037 780 1115 824 cum
1133 779 1214 841 rege
1231 779 1323 824 nunc

374 882 451 926 cum
463 862 599 936 comite,
611 860 725 923 omnia
737 878 843 942 agens
856 861 891 923 in
901 860 994 937 dolo,
1008 867 1119 924 morte
1134 867 1236 924 tenus
1246 862 1320 924 vul·

373 968 536 1026 neratur:
569 981 639 1044 quo
663 960 805 1024 vulnere
828 960 1011 1024 defunctus
1034 976 1087 1024 xi.
1104 959 1241 1026 kalend.
1261 961 1323 1025 Se-

320 1115 325 1122 .
373 1062 540 1144 ptembris
557 1060 615 1142 [22
631 1059 754 1141 Aug.],
765 1058 930 1124 Glaornae
945 1060 1112 1142 sepelitur
1125 1079 1204 1124 cum
1216 1078 1321 1124 cano·

208 1174 350 1223 uotorum
373 1161 467 1226 uicis.
509 1161 624 1242 Regia
640 1181 722 1225 vero
737 1180 860 1224 manus
876 1161 1022 1225 victoria
1040 1160 1180 1242 potitur.
1225 1159 1320 1225 Ante

207 1227 296 1365 {ffi‘ssrb
309 1226 354 1315 ιῗῖιῗ
375 1260 603 1325 Nativitatem
626 1260 765 1325 Sanctae
782 1261 907 1325 Mariae
927 1257 964 1344 [8
981 1257 1109 1345 Sept.],
1129 1260 1318 1337 Robertus,

221 1330 283 1374 'mr’
373 1361 465 1424 lilius
477 1360 623 1424 Henrici
637 1361 743 1443 regis,
752 1362 919 1425 instinctu
932 1360 1047 1425 Radul
1051 1361 1110 1443 phi
1124 1360 1318 1443 Paganelli,

372 1461 560 1543 assumptis
577 1480 693 1525 secum
711 1462 884 1543 equitibus
900 1462 1035 1526 comitis
1049 1461 1093 1525 de
1109 1460 1318 1539 Warewica,

371 1582 449 1625 cum
476 1562 528 1625 bis
546 1581 633 1644 quos
658 1562 701 1627 de
727 1561 925 1626 Glocestria
950 1561 1155 1639 adduxerat,
1178 1568 1213 1625 et
1240 1562 1318 1626 aliis
1418 1594 1424 1607 »

371 1662 633 1744 quamplurimis
650 1663 820 1744 gregariis
835 1662 1014 1739 militibus,
1030 1662 1159 1727 invasit
1174 1669 1317 1744 repente
1408 1678 1413 1685 ·

370 1764 491 1827 urbem
504 1761 781 1844 Snottingabam,
793 1769 827 1825 et
844 1782 988 1826 vacuam
1004 1763 1177 1844 reperiens
1192 1763 1317 1827 bellico

370 1871 553 1946 apparatu,
568 1863 749 1926 devastare
766 1862 884 1945 coepit,
900 1863 1032 1927 civibus
1050 1863 1201 1945 undique
1224 1862 1317 1945 fugi-

370 1964 506 2027 entibus
536 1963 578 2026 ad
606 1963 780 2027 ecclesias.
834 1962 966 2044 Captus
994 1970 1049 2027 est
1073 1982 1163 2026 unus
1188 1963 1316 2027 civium

370 2064 430 2145 qui
454 2063 660 2145 locupletior
689 2082 765 2127 esse
794 2062 981 2138 dicebatur,
1014 2071 1049 2127 et
1079 2064 1208 2127 arctius
1235 2082 1317 2128 con·

371 2164 511 2227 strictus
527 2163 650 2226 ductus
664 2170 717 2226 est
741 2162 785 2226 ad
803 2162 940 2227 domum
957 2182 1068 2239 suam,
1083 2170 1119 2227 et
1134 2165 1316 2246 pecuniam

371 2283 470 2326 suam
488 2262 632 2345 prodere
649 2271 801 2328 coactus.
854 2260 904 2325 At
926 2262 984 2326 ille
1001 2264 1038 2326 in
1055 2264 1316 2328 subterraneum

372 2382 472 2425 suum
500 2362 680 2445 praedones
707 2363 814 2426 nimia
837 2363 1020 2427 saevientes
1048 2363 1237 2445 cupiditate
1263 2365 1316 2427 in-

373 2463 486 2539 duxit,
514 2463 573 2526 ubi
602 2462 713 2526 omnis
742 2462 900 2545 supellex
930 2481 994 2526 sua
1024 2462 1205 2528 videbatur
1228 2484 1315 2529 esse.
1405 2468 1408 2478 '

375 2562 451 2626 Illis
466 2564 583 2646 itaque
608 2563 700 2626 circa
724 2562 948 2646 direptionem
972 2582 1085 2627 rerum
1104 2565 1257 2641 intentis,
1281 2573 1318 2631 et

373 2664 462 2727 ostia
484 2672 634 2728 etseras
656 2663 907 2744 frangentibus,
936 2663 995 2726 ille
1016 2664 1140 2727 callide
1165 2662 1317 2746 elapsus,

372 2782 526 2827 cameras
553 2772 588 2827 et
610 2763 733 2828 deinde
755 2764 869 2827 aulam
895 2783 1066 2846 egressus,
1089 2765 1178 2828 ostia
1200 2765 1318 2831 omnia

371 2872 451 2946 post
466 2884 503 2927 se
518 2864 655 2939 clausit,
669 2870 705 2927 et
722 2865 807 2927 seris
824 2864 984 2942 firmavit,
1003 2872 1038 2927 et
1057 2865 1217 2946 imposito
1234 2865 1317 2947 igne

371 2965 491 3029 domos
515 2984 597 3028 suas
624 2971 659 3028 et
685 2983 820 3027 omnem
846 2964 1094 3046 supellectilem
1120 2983 1218 3028 suam
1236 2984 1315 3029 cum

370 3065 455 3147 ipsis
478 3064 697 3147 praedonibus
719 3063 877 3127 incendio
899 3063 1051 3127 tradidit.
1104 3064 1235 3140 Ferunt
1253 3085 1315 3130 au-

371 3174 440 3228 tem
465 3165 614 3248 amplius
635 3183 739 3246 quam
763 3179 874 3239 xxx„
895 3164 955 3245 qui
975 3164 1237 3229 subterraneum
1261 3166 1315 3229 in·

370 3271 560 3341 traveraut,
591 3264 652 3328 illo
689 3262 847 3326 incendio
884 3264 1094 3341 combustos
1126 3272 1161 3328 et
1195 3264 1315 3331 dicunt

370 3363 510 3445 quidam
526 3364 617 3447 quod
641 3362 683 3427 de
707 3362 767 3426 illo
792 3363 951 3428 incendio
974 3370 1051 3428 tota
1073 3365 1154 3427 urbs
1176 3383 1316 3430 concre-

370 3470 464 3526 mata
479 3463 544 3543 sit;
568 3483 647 3527 nam
662 3463 787 3527 milites
803 3483 931 3541 omnes,
948 3464 1127 3546 omnisque
1142 3466 1317 3530 exercitus

370 3563 538 3626 immunes
552 3582 590 3627 se
605 3564 648 3626 ab
664 3565 740 3646 ipso
756 3563 913 3628 incendio
925 3564 1125 3649 juramento
1142 3574 1314 3632 asserunt.

206 3678 329 3719 andnamt.
371 3661 561 3726 Combusta
593 3671 646 3726 est
672 3664 792 3746 itaque
825 3669 900 3727 tota
934 3666 1028 3741 urbs,
1061 3671 1097 3728 et
1127 3666 1186 3746 qui
1215 3674 1317 3731 extra

370 3762 533 3827 ecclesias
550 3763 628 3845 capi
642 3770 804 3844 poterant
818 3763 947 3845 captivi
962 3763 1158 3841 ductisunt,
1174 3766 1313 3847 quidam

370 3863 474 3927 etiam
508 3882 619 3945 usque
657 3862 701 3925 ad
736 3861 937 3926 Glaornam.
1004 3863 1192 3947 Reliquum
1233 3886 1314 3930 vero

368 3962 509 4044 vulgus,
527 3964 592 4026 viri
617 3962 761 4039 scilicet,
781 3981 856 4025 cum
876 3963 1074 4027 mulieribus
1094 3971 1129 4027 et
1147 3966 1315 4047 parvulis,

367 4063 427 4145 qui
446 4063 609 4126 ecclesias
632 4063 853 4139 intraverant,
879 4063 955 4126 cum
979 4063 1095 4144 egredi
1119 4083 1186 4127 non
1210 4066 1315 4130 aude-

366 4170 443 4227 rent
461 4182 504 4226 ue
522 4163 565 4226 ab
581 4162 738 4226 hostibus
763 4172 980 4245 caperentur,
1001 4163 1168 4228 saeviente
1186 4166 1315 4248 ubique
