2918 4866
397 419 588 468 rconnnun
612 420 898 472 wioonmnnsm.
1076 412 1120 477 53

166 589 244 660 quae
269 580 475 643 nominatur
488 579 729 644 Bearrucscire
746 581 782 643 in
800 580 883 645 loeo*
900 582 961 665 qui
990 580 1119 648 dicitur

168 679 398 757 Heamstede,
411 680 506 743 visus
522 687 575 744 est
591 699 613 742 a
630 681 748 745 multis
764 683 907 763 sanguis
921 681 1059 747 effluere
1074 685 1118 750 de

166 786 268 846 terra.
309 780 437 845 Eodem
455 799 557 856 anno,
573 794 628 843 ιιι.
645 780 724 844 idus
740 779 894 863 Augusti
913 783 971 864 [11
988 782 1082 866 Aug.
1087 784 1115 866 ],
1126 807 1262 850 uestraene

112 902 114 906 ¹
167 899 295 962 magna
318 881 538 963 intemperies
552 881 647 945 venti
671 881 766 945 facta
790 889 855 960 est,
873 902 951 965 quoe
978 890 1115 948 tantum
1126 860 1202 900 '¹¹¹⁶'

167 980 329 1045 damnum
359 980 473 1044 fecit
463 1001 499 1044 m
524 980 692 1054 fructibus
718 990 820 1046 terrae
847 1002 911 1064 per
936 981 1117 1065 Angliam,

168 1088 336 1162 quantum
354 1081 414 1163 qui
439 1087 521 1144 tunc
538 1081 713 1158 vixerunt,
733 1089 826 1151 retro
851 1082 939 1148 actis
956 1086 1144 1217 tempori

167 1182 245 1258 bus,
264 1200 440 1265 nunquam
456 1181 628 1245 viderunt.
1144 1241 1146 1244 .

173 1281 406 1346 Venerandi
422 1282 576 1357 abbates,
594 1280 773 1346 Walterus
790 1250 1116 1364 Eoveshamnensis,
1137 1312 1199 1353 nn
1210 1314 1267 1352 11⁰4.
1328 1346 1332 1354 .

167 1397 251 1446 xlu.
264 1380 334 1446 kal.
348 1382 449 1445 Febr.
466 1382 526 1463 [20
539 1380 563 1446 J
566 1401 622 1446 an
627 1381 652 1462 ]‚
671 1387 706 1445 et
722 1381 820 1446 Serio
830 1382 1115 1460 Gloecestrensm,
1125 1377 1222 1468 Q,

141 1544 144 1548 ,
167 1498 216 1547 lv.
236 1501 345 1546 nonas
367 1482 489 1546 Martii
515 1483 553 1565 [4
573 1481 662 1545 Mar
667 1483 694 1563 ],
714 1483 883 1548 obierunt.
937 1483 1016 1548 Rex
1039 1483 1114 1550 An·
1124 1479 1263 1569 mm„

165 1583 301 1663 giorum
320 1582 507 1647 Hernrrcus
517 1583 628 1646 tenuit
640 1582 771 1646 curiam
783 1603 882 1647 suam
893 1583 985 1666 apud
1000 1583 1151 1667 West-ob
1125 1579 1255 1626 mmm

165 1683 436 1747 monasterium
426 1703 462 1746 m
479 1683 719 1748 Pentecosten.
765 1682 992 1760 Tertioferia,
1003 1684 1037 1747 id
1050 1694 1115 1762 est,
1124 1630 1222 1779 Ξῇᾓξξῗ

165 1799 228 1857 ιιι.
249 1783 327 1848 idus
345 1783 368 1848 J
371 1785 442 1847 unii
465 1781 502 1868 [7
516 1783 540 1848 J
542 1782 632 1869 un.],
647 1790 797 1864 quatuor
814 1783 934 1847 circuli
949 1784 1014 1847 visi
1030 1794 1114 1850 sunt

166 1883 260 1949 circa
275 1883 382 1948 solem
403 1884 472 1948 albi
490 1884 627 1961 coloris,
642 1884 735 1946 circa
750 1883 871 1947 horam
887 1899 950 1960 vn,
967 1886 1116 1968 quisque

166 1983 315 2054 circulus
330 1985 394 2048 sub
407 1984 487 2062 alio,
497 1985 598 2067 quasi
614 1991 730 2047 essent
746 1984 843 2066 picti.
893 1983 1015 2048 Mirati
1033 1992 1117 2049 sunt

166 2103 284 2171 omnes
300 2085 361 2166 qui
382 2091 465 2149 tunc
481 2084 651 2160 viderunt,
661 2085 751 2166 quia
773 2103 951 2167 nunquam
967 2085 1115 2167 amplius

166 2185 337 2249 talravlsa
345 2190 425 2248 sunt
436 2185 480 2249 ab
492 2185 610 2267 aliquo
619 2183 768 2249 illorum
792 2183 989 2249 Willelmus
1001 2205 1115 2251 comes
1126 2209 1226 2259 umam

1125 2267 1190 2300 count
1199 2263 1223 2301 ot

164 2283 208 2348 de
232 2285 414 2349 Moreteon
437 2284 680 2349 exhaeredatus
702 2291 756 2348 est
775 2285 818 2349 de
840 2290 916 2348 tota
935 2292 1027 2350 terra
1050 2305 1227 2360 suanorum

164 2405 268 2467 quam
280 2385 422 2451 habult
413 2406 448 2448 m
450 2383 596 2467 Anglia.
649 2383 732 2448 Non
743 2384 843 2449 facile
854 2391 971 2468 potest
981 2405 1114 2451 narrari
1105 2363 1166 2450 ii
1163 2363 1258 2452 iiiiii

166 2486 306 2550 miseria
320 2505 424 2569 quam
442 2486 608 2550 sustinuit
624 2485 692 2549 isto
707 2491 862 2568 tempore
874 2491 966 2549 terra
979 2484 1115 2568 Anglo-
1126 2463 1265 2561 ii÷b¹¹⁸¹ti⁰

166 2598 241 2649 rum
268 2594 411 2670 propter
433 2585 634 2650 exactiones
660 2585 785 2668 regiae.
831 2584 966 2668 Corpus
992 2585 1112 2650 Sancti
1126 2563 1257 2652 ibiibi.
1245 2623 1272 2652 οι

168 2685 349 2751 Cutbberti
368 2687 532 2770 episcopi,
548 2688 593 2755 ob
608 2686 824 2768 quorundam
838 2684 1114 2750 incredulitatem
1125 2663 1262 2754 {repom

168 2788 345 2864 abbatum,
361 2786 586 2871 pontificante
608 2785 787 2849 Rannulfo
802 2786 977 2868 episcopo,
997 2792 1115 2850 osten·

167 2906 243 2951 sum
267 2897 330 2963 est,
354 2893 389 2952 et
414 2907 436 2950 a
456 2886 645 2969 Radulpbo
669 2883 825 2951 Saiense¹
853 2886 990 2960 abbate,
1014 2893 1114 2968 post·

165 2988 307 3059 modum
329 2987 498 3052 Hrofensi
522 2988 698 3070 episcopo,
725 2995 760 3051 et
782 3005 804 3051 a
825 2985 990 3049 fratribus
1014 2984 1115 3049 Dun-

165 3088 353 3152 holmensis
375 3087 543 3164 ecclesiae,
558 3107 637 3150 cum
657 3087 770 3168 capite
791 3086 825 3150 S.
845 3085 1002 3150 Oswaldi
1022 3086 1114 3166 regis

164 3196 200 3252 et
225 3189 399 3272 martyris,
421 3187 601 3270 sanctique
618 3187 737 3264 Bedae,
760 3187 1015 3268 multorumque
1035 3205 1114 3248 san·

163 3296 299 3354 ctorum
315 3288 480 3371 reliquiis
491 3295 585 3352 certo
604 3287 729 3350 indicio
746 3287 983 3368 incorruptum
994 3286 1116 3349 inven-

163 3397 237 3454 tum
264 3396 330 3467 est,
358 3394 529 3471 praesente
559 3385 762 3452 Alexandro
789 3387 925 3463 comite,
958 3385 1110 3467 Eadgari

165 3491 257 3572 regis
284 3489 481 3554 Scottorum
503 3488 622 3564 fratre,
648 3494 770 3570 postea
795 3507 890 3568 rege.
934 3486 1005 3549 Hic
1032 3486 1115 3569 quia

163 3690 321 3773 plurimis
360 3690 486 3753 marcis
525 3689 601 3752 auri
631 3695 666 3752 et
702 3687 849 3768 argenti,
884 3686 1001 3768 parari
1033 3685 1115 3750 fecit

165 3791 341 3868 scrinium,
362 3791 397 3853 in
416 3809 484 3873 quo
504 3794 664 3852 sanctum
685 3805 822 3870 corpus,
840 3787 938 3850 novis
955 3785 1118 3859 indutum

166 3891 392 3966 vestimentis,
416 3889 601 3953 honorifice
618 3894 671 3951 est
688 3886 913 3951 reconditum.

68 3983 71 3988 ¹
164 4050 168 4057 .
214 3991 295 4056 Rex
337 3989 531 4073 Anglorum
576 3988 749 4052 Henricus
791 3985 953 4051 transivit
994 4003 1110 4059 mare3
1139 4013 1267 4054 annos,

168 4221 190 4259 ·'
210 4220 332 4284 oetam]
350 4220 389 4271 Oi
397 4221 469 4270 Seez.
506 4218 553 4267 See
567 4216 687 4279 Lingard,
698 4216 731 4266 A.
743 4216 770 4265 S.
782 4215 893 4267 Ohurch.
907 4228 936 4265 11.
949 4231 975 4276 p.
988 4217 1028 4264 74.
1040 4227 1093 4276 sqq.
1146 4238 1149 4245 ·
