2918 4866
352 401 546 450 rnonnnru
574 400 851 450 wrooanrnnsrs.
1016 387 1080 452 117

129 559 295 642 Angliam
307 559 420 637 rediit,
431 567 465 624 et
477 561 568 642 apud
582 561 804 625 Portesmuth
817 561 986 643 applicuit
997 571 1079 629 ante

129 659 257 725 festum
286 660 406 724 Sancti
436 660 532 724 Petri
562 660 606 724 ad
630 660 794 739 Vincula,
823 660 893 726 kal.
922 662 1015 744 Aug.
1041 662 1078 749 [1

131 758 255 846 Aug.],
273 781 355 842 rege
373 768 456 824 tunc
474 761 728 843 Merlebergam
752 761 951 826 obsidente:
977 764 1077 847 cujus

131 861 284 926 adventu
304 861 418 925 factus
445 869 498 925 est
518 862 676 925 omnibus
698 882 760 944 per
778 860 942 943 Angliam
966 870 1078 928 terror

128 962 326 1026 immensus.
357 960 436 1040 Quo
450 960 581 1039 audito,
593 981 656 1026 rex
671 960 864 1044 Anglorum
880 955 1077 1044 Stephanus

130 1057 244 1126 animo
260 1063 474 1138 movebatur,
491 1062 591 1126 ethis
607 1061 668 1145 qui
684 1062 836 1126 marinos
852 1069 973 1144 portus
985 1064 1074 1145 vigi-

128 1162 215 1226 lanti
248 1181 332 1226 cura
362 1163 547 1227 observare
585 1163 785 1241 debuerant,
816 1156 1074 1245 indignabatur.

131 1262 212 1326 Rex
234 1269 289 1327 est
305 1263 413 1344 paciS,
431 1270 467 1326 et
481 1283 502 1326 0
518 1263 649 1327 utinam
678 1283 741 1326 rex
758 1257 902 1344 vigoris,
914 1262 1075 1345 justitiae,

129 1368 311 1426 conterens
322 1363 386 1426 sub
402 1363 546 1445 pedibus
561 1363 728 1441 inimicoS,
740 1371 775 1427 et
789 1382 891 1445 aequa
908 1362 1005 1427 lance
1017 1363 1077 1447 ju·

127 1462 208 1526 dicii
223 1463 409 1526 decernens
425 1463 552 1540 omnia,
568 1463 602 1526 in
621 1464 744 1526 robore
765 1462 977 1527 fortitudinis
995 1482 1077 1527 con·

128 1581 271 1626 servans
287 1569 323 1626 et
335 1564 561 1627 corroborans
578 1564 673 1646 pacis
691 1563 830 1628 amicos.
876 1563 947 1628 Ubi
962 1569 1077 1628 autem

128 1663 226 1727 novit
239 1664 455 1745 err-reginam
472 1663 564 1745 apud
582 1661 737 1727 Arundel
761 1663 1076 1746 err-imperatricem

127 1782 205 1827 curn
244 1763 366 1846 grandi
401 1764 569 1827 comitatu
605 1754 669 1827 suo
706 1763 888 1846 recepisse,
924 1757 1078 1845 grauiter

128 1862 254 1941 ferens,
289 1863 351 1928 illo
382 1864 489 1929 movit
518 1864 719 1927 exercitum.
772 1862 822 1927 At
853 1862 915 1928 illa
945 1854 1077 1944 regiam

129 1962 344 2048 majestatem
360 1964 481 2041 verita,
492 1971 527 2028 et
543 1965 667 2028 timens
683 1983 725 2026 ne
738 1962 954 2045 dignitatem,
972 1982 1076 2046 quarn

127 2082 189 2146 per
226 2060 392 2146 Angliam
430 2064 608 2140 habuerat,
645 2062 815 2147 perderet,
847 2062 1078 2148 jurejurando

121 2162 220 2246 jurat
250 2165 420 2229 neminem
447 2164 663 2228 inimicorum
689 2184 829 2228 suorum
856 2183 976 2247 perse
1003 2161 1077 2228 An-

128 2263 234 2344 gliam
276 2260 428 2347 petiisse,
462 2264 523 2328 sed
552 2265 651 2328 salva
680 2265 850 2345 dignitate
881 2284 956 2341 sua,
993 2264 1076 2328 viris

128 2364 358 2442 auctoritatis,
389 2372 511 2447 utpote
542 2365 607 2429 sibi
636 2366 808 2447 quondam
838 2364 1077 2442 familiaribus

128 2464 314 2547 hospitium
327 2464 498 2530 annuisse.
536 2464 616 2543 Quo
631 2484 694 2528 rex
709 2465 840 2541 audito,
850 2465 911 2528 illa
925 2455 1075 2540 dimissa,
1089 2483 1135 2522 rue
1144 2485 1178 2532 n>-
1187 2483 1212 2521 or

129 2565 444 2648 ex·imperatricem
463 2564 507 2629 ad
524 2566 704 2630 castellum
728 2565 981 2629 Bricstowense
995 2584 1077 2629 con·
1090 2533 1224 2671 diffidi}

130 2664 255 2729 ducere
283 2664 384 2729 fratri
412 2685 489 2740 suo,
517 2665 750 2730 Wintoniensi
782 2667 957 2747 episcopo,
987 2634 1207 2730 sicut¹⁰¹³¹¹'‘⁰'

131 2772 316 2847 cognatam
331 2785 442 2843 suam,
457 2785 535 2830 cum
550 2766 680 2830 honore
695 2767 873 2848 praecepit,
890 2758 967 2847 ipse
983 2763 1077 2830 vero¹

130 2883 191 2929 rex
232 2866 392 2930 comitem
432 2866 663 2948 persequitur.
736 2865 798 2929 Nil
840 2871 956 2928 autem
994 2864 1080 2928 certi

129 2964 272 3030 audiens
290 2965 332 3029 de
347 2986 401 3042 eo,
418 2966 578 3049 quaedam
598 2966 688 3030 enim
712 2965 918 3030 diverticula
933 2964 977 3028 ad
993 2971 1079 3029 tem·

129 3085 195 3148 pus
218 3066 277 3130 ille
296 3066 455 3148 petierat,
478 3067 733 3148 expeditionem
753 3066 862 3130 movit
877 3085 946 3148 quo
963 3055 1079 3146 dispo·

130 3165 209 3229 suit.
261 3166 349 3230 Milo
371 3167 658 3243 constabularius,
681 3166 787 3247 regiae
809 3165 984 3250 majestati
1003 3163 1080 3227 red·
1093 3183 1239 3223 penninos

131 3265 213 3337 ditis
242 3266 323 3330 fidei
351 3267 588 3344 sacramentis,
615 3267 659 3330 ad
684 3266 860 3330 dominum
885 3284 997 3341 suum,
1025 3283 1080 3329 co·
1093 3234 1201 3324 {ilidii

132 3365 249 3429 mitem
262 3364 575 3443 Glaucestrensem,
587 3386 664 3430 cum
683 3367 805 3448 grandi
815 3385 919 3430 manu
934 3365 1082 3429 militum
1093 3336 1204 3437 giiii&

131 3484 169 3529 se
186 3466 345 3544 contulit,
364 3466 417 3529 illi
436 3466 607 3548 spondens
627 3467 663 3529 in
685 3466 753 3530 fide
777 3466 947 3530 auxilium
962 3472 1084 3530 contra

131 3583 248 3646 regem
265 3565 513 3632 exhibiturum.
565 3566 589 3631 J
592 3586 648 3631 am
665 3586 748 3631 vero
758 3566 895 3642 exhinc,
911 3586 956 3630 ex
974 3566 1084 3649 Bryc-

132 3666 294 3729 stowensi
336 3665 470 3730 scilicet
508 3667 602 3746 urbe,
634 3686 713 3749 quae
752 3666 845 3729 mala
877 3685 938 3748 per
975 3672 1084 3729 totam

129 3766 335 3830 emerserint
366 3762 546 3848 Angliam,
570 3766 700 3829 nullius
732 3767 860 3848 poterit
891 3765 1085 3848 exprimere

132 3862 277 3930 scientia
294 3865 350 3929 vel
367 3864 541 3931 facundia.
587 3866 805 3930 Resistentes
820 3865 990 3948 siquidem
1007 3865 1085 3956 sibi,

132 3965 282 4047 regiaeve
311 3966 474 4047 dignitati
506 3973 678 4048 parentes,
708 3974 880 4049 quotquot
914 3967 992 4048 capi
1024 3985 1085 4047 po-

344 4158 360 4218 ¹¹
371 4193 426 4249 Quo
434 4206 480 4242 rec
489 4226 496 4242 .
506 4225 528 4243 ..
538 4190 629 4255 mera]
645 4189 712 4242 nidd.
720 4192 780 4242 edit.
800 4193 830 4241 G.
842 4190 909 4241 omit.
