<?xml version="1.0" encoding="UTF-8"?>
<!DOCTYPE html PUBLIC "-//W3C//DTD XHTML 1.0 Transitional//EN"
    "http://www.w3.org/TR/xhtml1/DTD/xhtml1-transitional.dtd">
<html xmlns="http://www.w3.org/1999/xhtml" xml:lang="en" lang="en">
 <head>
  <title>
</title>
<meta http-equiv="Content-Type" content="text/html;charset=utf-8" />
  <meta name='ocr-system' content='tesseract 3.04.00' />
  <meta name='ocr-capabilities' content='ocr_page ocr_carea ocr_par ocr_line ocrx_word'/>
</head>
<body>
  <div class='ocr_page' id='page_1' title='image "./florentiiwigorn02florgoog_0222.png"; bbox 0 0 2918 4866; ppageno 0'>
   <div class='ocr_carea' id='block_1_1' title="bbox 377 393 1098 463">
    <p class='ocr_par' dir='ltr' id='par_1_1' title="bbox 377 393 1098 463">
     <span class='ocr_line' id='line_1_1' title="bbox 377 393 1098 463; baseline 0.006 -4"><span class='ocrx_word' id='word_1_1' title='bbox 377 411 569 460; x_wconf 82' lang='lat' dir='ltr'>nnoauurn</span> <span class='ocrx_word' id='word_1_2' title='bbox 597 410 879 461; x_wconf 81' lang='lat' dir='ltr'>w1coau1nus1s.</span> <span class='ocrx_word' id='word_1_3' title='bbox 1032 393 1098 463; x_wconf 80' lang='lat'>195</span> 
     </span>
    </p>
   </div>
   <div class='ocr_carea' id='block_1_2' title="bbox 146 568 1232 2263">
    <p class='ocr_par' dir='ltr' id='par_1_2' title="bbox 146 568 1232 2263">
     <span class='ocr_line' id='line_1_2' title="bbox 148 568 1092 651; baseline 0.01 -21"><span class='ocrx_word' id='word_1_4' title='bbox 148 568 296 634; x_wconf 88' lang='lat' dir='ltr'>curiales</span> <span class='ocrx_word' id='word_1_5' title='bbox 330 572 572 651; x_wconf 79' lang='lat' dir='ltr'>extorserunt3</span> <span class='ocrx_word' id='word_1_6' title='bbox 616 572 705 635; x_wconf 91' lang='lat' dir='ltr'>unde</span> <span class='ocrx_word' id='word_1_7' title='bbox 738 580 773 636; x_wconf 90' lang='lat' dir='ltr'>et</span> <span class='ocrx_word' id='word_1_8' title='bbox 803 572 846 635; x_wconf 90' lang='lat' dir='ltr'>de</span> <span class='ocrx_word' id='word_1_9' title='bbox 880 571 1026 637; x_wconf 88' lang='lat' dir='ltr'>ecclesia</span> <span class='ocrx_word' id='word_1_10' title='bbox 1056 573 1092 639; x_wconf 91' lang='lat' dir='ltr'>S.</span> 
     </span>
     <span class='ocr_line' id='line_1_3' title="bbox 148 669 1092 754; baseline 0.005 -22"><span class='ocrx_word' id='word_1_11' title='bbox 148 671 310 754; x_wconf 84' lang='lat' dir='ltr'>martyris</span> <span class='ocrx_word' id='word_1_12' title='bbox 340 671 512 736; x_wconf 88' lang='lat' dir='ltr'>Edmundi</span> <span class='ocrx_word' id='word_1_13' title='bbox 546 673 616 736; x_wconf 86' lang='lat' dir='ltr'>fere</span> <span class='ocrx_word' id='word_1_14' title='bbox 649 669 774 736; x_wconf 69' lang='lat' dir='ltr'>nccctls</span> <span class='ocrx_word' id='word_1_15' title='bbox 798 690 933 737; x_wconf 89' lang='lat' dir='ltr'>marcas</span> <span class='ocrx_word' id='word_1_16' title='bbox 963 673 1092 738; x_wconf 88' lang='lat' dir='ltr'>habue-</span> 
     </span>
     <span class='ocr_line' id='line_1_4' title="bbox 147 771 1091 855; baseline 0.006 -23"><span class='ocrx_word' id='word_1_17' title='bbox 147 778 239 837; x_wconf 89' lang='lat' dir='ltr'>runt.</span> <span class='ocrx_word' id='word_1_18' title='bbox 254 772 381 854; x_wconf 90' lang='lat' dir='ltr'>[Istius</span> <span class='ocrx_word' id='word_1_19' title='bbox 390 773 546 855; x_wconf 88' lang='lat' dir='ltr'>pecuniae</span> <span class='ocrx_word' id='word_1_20' title='bbox 558 771 734 836; x_wconf 85' lang='lat' dir='ltr'>dimidiam</span> <span class='ocrx_word' id='word_1_21' title='bbox 743 781 877 855; x_wconf 89' lang='lat' dir='ltr'>partem</span> <span class='ocrx_word' id='word_1_22' title='bbox 886 783 1091 852; x_wconf 77' lang='lat' dir='ltr'>conventuS,</span> 
     </span>
     <span class='ocr_line' id='line_1_5' title="bbox 148 868 1092 955; baseline 0.006 -22"><span class='ocrx_word' id='word_1_23' title='bbox 148 868 382 950; x_wconf 89' lang='lat' dir='ltr'>licetinvitus,</span> <span class='ocrx_word' id='word_1_24' title='bbox 389 872 547 950; x_wconf 91' lang='lat' dir='ltr'>reddidit,</span> <span class='ocrx_word' id='word_1_25' title='bbox 557 873 639 955; x_wconf 87' lang='lat' dir='ltr'>quia</span> <span class='ocrx_word' id='word_1_26' title='bbox 649 880 719 937; x_wconf 92' lang='lat' dir='ltr'>tam</span> <span class='ocrx_word' id='word_1_27' title='bbox 729 873 885 937; x_wconf 92' lang='lat' dir='ltr'>homines</span> <span class='ocrx_word' id='word_1_28' title='bbox 901 882 1092 940; x_wconf 89' lang='lat' dir='ltr'>conventus</span> 
     </span>
     <span class='ocr_line' id='line_1_6' title="bbox 148 973 1092 1052; baseline 0.008 -20"><span class='ocrx_word' id='word_1_29' title='bbox 148 989 253 1052; x_wconf 92' lang='lat' dir='ltr'>quam</span> <span class='ocrx_word' id='word_1_30' title='bbox 271 974 407 1037; x_wconf 91' lang='lat' dir='ltr'>abbatis</span> <span class='ocrx_word' id='word_1_31' title='bbox 425 974 469 1038; x_wconf 96' lang='lat' dir='ltr'>ad</span> <span class='ocrx_word' id='word_1_32' title='bbox 485 973 679 1037; x_wconf 84' lang='lat' dir='ltr'>custodiam</span> <span class='ocrx_word' id='word_1_33' title='bbox 695 975 800 1038; x_wconf 90' lang='lat' dir='ltr'>maris</span> <span class='ocrx_word' id='word_1_34' title='bbox 816 973 955 1038; x_wconf 87' lang='lat' dir='ltr'>fuerunt</span> <span class='ocrx_word' id='word_1_35' title='bbox 970 984 1092 1040; x_wconf 88' lang='lat' dir='ltr'>contra</span> 
     </span>
     <span class='ocr_line' id='line_1_7' title="bbox 147 1072 1089 1155; baseline 0.007 -22"><span class='ocrx_word' id='word_1_36' title='bbox 147 1072 316 1152; x_wconf 82' lang='lat' dir='ltr'>reginam,</span> <span class='ocrx_word' id='word_1_37' title='bbox 333 1093 376 1136; x_wconf 89' lang='lat' dir='ltr'>ne</span> <span class='ocrx_word' id='word_1_38' title='bbox 393 1093 471 1138; x_wconf 89' lang='lat' dir='ltr'>cum</span> <span class='ocrx_word' id='word_1_39' title='bbox 486 1074 641 1139; x_wconf 87' lang='lat' dir='ltr'>exercitu</span> <span class='ocrx_word' id='word_1_40' title='bbox 662 1093 726 1138; x_wconf 91' lang='lat' dir='ltr'>suo</span> <span class='ocrx_word' id='word_1_41' title='bbox 741 1072 905 1155; x_wconf 79' lang='lat' dir='ltr'>Angliam</span> <span class='ocrx_word' id='word_1_42' title='bbox 927 1075 1089 1152; x_wconf 80' lang='lat' dir='ltr'>intraret3</span> 
     </span>
     <span class='ocr_line' id='line_1_8' title="bbox 146 1174 1150 1257; baseline 0.005 -23"><span class='ocrx_word' id='word_1_43' title='bbox 146 1180 372 1237; x_wconf 85' lang='lat' dir='ltr'>veruntamen</span> <span class='ocrx_word' id='word_1_44' title='bbox 381 1175 416 1237; x_wconf 92' lang='lat' dir='ltr'>in</span> <span class='ocrx_word' id='word_1_45' title='bbox 427 1174 524 1239; x_wconf 89' lang='lat' dir='ltr'>curia</span> <span class='ocrx_word' id='word_1_46' title='bbox 534 1175 625 1256; x_wconf 87' lang='lat' dir='ltr'>regis</span> <span class='ocrx_word' id='word_1_47' title='bbox 635 1174 851 1239; x_wconf 91' lang='lat' dir='ltr'>solummodo</span> <span class='ocrx_word' id='word_1_48' title='bbox 862 1193 944 1257; x_wconf 83' lang='lat' dir='ltr'>pars</span> <span class='ocrx_word' id='word_1_49' title='bbox 954 1175 1091 1240; x_wconf 88' lang='lat' dir='ltr'>abbatis</span> <span class='ocrx_word' id='word_1_50' title='bbox 1146 1216 1150 1222; x_wconf 83' lang='lat'><em>-</em></span> 
     </span>
     <span class='ocr_line' id='line_1_9' title="bbox 148 1270 1091 1356; baseline 0.006 -22"><span class='ocrx_word' id='word_1_51' title='bbox 148 1270 191 1335; x_wconf 91' lang='lat' dir='ltr'>de</span> <span class='ocrx_word' id='word_1_52' title='bbox 211 1275 487 1356; x_wconf 79' lang='lat' dir='ltr'>transgressione</span> <span class='ocrx_word' id='word_1_53' title='bbox 509 1275 794 1350; x_wconf 83' lang='lat' dir='ltr'>calumniabatur,</span> <span class='ocrx_word' id='word_1_54' title='bbox 812 1281 848 1339; x_wconf 88' lang='lat' dir='ltr'>et</span> <span class='ocrx_word' id='word_1_55' title='bbox 868 1275 947 1340; x_wconf 90' lang='lat' dir='ltr'>ideo</span> <span class='ocrx_word' id='word_1_56' title='bbox 971 1275 1091 1340; x_wconf 89' lang='lat' dir='ltr'>durius</span> 
     </span>
     <span class='ocr_line' id='line_1_10' title="bbox 146 1374 1091 1459; baseline 0.005 -24"><span class='ocrx_word' id='word_1_57' title='bbox 146 1382 338 1440; x_wconf 83' lang='lat' dir='ltr'>conventus</span> <span class='ocrx_word' id='word_1_58' title='bbox 354 1376 574 1457; x_wconf 86' lang='lat' dir='ltr'>partitionem</span> <span class='ocrx_word' id='word_1_59' title='bbox 594 1377 749 1458; x_wconf 89' lang='lat' dir='ltr'>pecuniae</span> <span class='ocrx_word' id='word_1_60' title='bbox 768 1374 943 1459; x_wconf 86' lang='lat' dir='ltr'>praedictae</span> <span class='ocrx_word' id='word_1_61' title='bbox 963 1376 1091 1440; x_wconf 89' lang='lat' dir='ltr'>tolera·</span> 
     </span>
     <span class='ocr_line' id='line_1_11' title="bbox 146 1473 1088 1562; baseline 0.004 -26"><span class='ocrx_word' id='word_1_62' title='bbox 146 1473 244 1551; x_wconf 90' lang='lat' dir='ltr'>bant,</span> <span class='ocrx_word' id='word_1_63' title='bbox 272 1483 308 1539; x_wconf 90' lang='lat' dir='ltr'>et</span> <span class='ocrx_word' id='word_1_64' title='bbox 340 1484 481 1559; x_wconf 89' lang='lat' dir='ltr'>propter</span> <span class='ocrx_word' id='word_1_65' title='bbox 512 1475 769 1541; x_wconf 91' lang='lat' dir='ltr'>similitudinem</span> <span class='ocrx_word' id='word_1_66' title='bbox 803 1474 1088 1562; x_wconf 77' lang='lat' dir='ltr'>consequentiae]</span> 
     </span>
     <span class='ocr_line' id='line_1_12' title="bbox 148 1573 1094 1660; baseline 0.005 -24"><span class='ocrx_word' id='word_1_67' title='bbox 148 1573 356 1656; x_wconf 89' lang='lat' dir='ltr'>Imponebat</span> <span class='ocrx_word' id='word_1_68' title='bbox 377 1596 459 1642; x_wconf 86' lang='lat' dir='ltr'>vero</span> <span class='ocrx_word' id='word_1_69' title='bbox 482 1596 546 1642; x_wconf 86' lang='lat' dir='ltr'>rex</span> <span class='ocrx_word' id='word_1_70' title='bbox 576 1577 723 1658; x_wconf 82' lang='lat' dir='ltr'>singulis</span> <span class='ocrx_word' id='word_1_71' title='bbox 748 1576 808 1660; x_wconf 93' lang='lat' dir='ltr'>qui</span> <span class='ocrx_word' id='word_1_72' title='bbox 836 1595 914 1640; x_wconf 90' lang='lat' dir='ltr'>cum</span> <span class='ocrx_word' id='word_1_73' title='bbox 939 1576 1094 1660; x_wconf 84' lang='lat' dir='ltr'>Syruone·</span> 
     </span>
     <span class='ocr_line' id='line_1_13' title="bbox 148 1676 1092 1742; baseline 0.004 -5"><span class='ocrx_word' id='word_1_74' title='bbox 148 1676 276 1740; x_wconf 90' lang='lat' dir='ltr'>comite</span> <span class='ocrx_word' id='word_1_75' title='bbox 307 1683 428 1741; x_wconf 91' lang='lat' dir='ltr'>contra</span> <span class='ocrx_word' id='word_1_76' title='bbox 461 1696 539 1742; x_wconf 91' lang='lat' dir='ltr'>eum</span> <span class='ocrx_word' id='word_1_77' title='bbox 565 1682 759 1741; x_wconf 88' lang='lat' dir='ltr'>tenuerunt.</span> <span class='ocrx_word' id='word_1_78' title='bbox 812 1676 898 1740; x_wconf 93' lang='lat' dir='ltr'>Inde</span> <span class='ocrx_word' id='word_1_79' title='bbox 933 1676 969 1739; x_wconf 92' lang='lat' dir='ltr'>in</span> <span class='ocrx_word' id='word_1_80' title='bbox 1001 1676 1092 1742; x_wconf 83' lang='lat' dir='ltr'>festo</span> 
     </span>
     <span class='ocr_line' id='line_1_14' title="bbox 148 1774 1091 1866; baseline 0.002 -28"><span class='ocrx_word' id='word_1_81' title='bbox 148 1774 184 1841; x_wconf 91' lang='lat' dir='ltr'>S.</span> <span class='ocrx_word' id='word_1_82' title='bbox 203 1775 386 1840; x_wconf 88' lang='lat' dir='ltr'>Michaelis</span> <span class='ocrx_word' id='word_1_83' title='bbox 410 1777 469 1860; x_wconf 80' lang='lat'>[29</span> <span class='ocrx_word' id='word_1_84' title='bbox 486 1777 599 1866; x_wconf 72' lang='lat' dir='ltr'>Sept]</span> <span class='ocrx_word' id='word_1_85' title='bbox 623 1795 734 1860; x_wconf 88' lang='lat' dir='ltr'>usque</span> <span class='ocrx_word' id='word_1_86' title='bbox 760 1777 803 1840; x_wconf 89' lang='lat' dir='ltr'>ad</span> <span class='ocrx_word' id='word_1_87' title='bbox 826 1775 1091 1842; x_wconf 87' lang='lat' dir='ltr'>Windeshoram</span> 
     </span>
     <span class='ocr_line' id='line_1_15' title="bbox 148 1876 1091 1961; baseline 0.001 -22"><span class='ocrx_word' id='word_1_88' title='bbox 148 1876 401 1958; x_wconf 87' lang='lat' dir='ltr'>parlamentum</span> <span class='ocrx_word' id='word_1_89' title='bbox 437 1885 651 1961; x_wconf 87' lang='lat' dir='ltr'>protractum</span> <span class='ocrx_word' id='word_1_90' title='bbox 686 1883 750 1955; x_wconf 88' lang='lat' dir='ltr'>est,</span> <span class='ocrx_word' id='word_1_91' title='bbox 782 1897 805 1942; x_wconf 92' lang='lat' dir='ltr'>a</span> <span class='ocrx_word' id='word_1_92' title='bbox 838 1894 907 1959; x_wconf 92' lang='lat' dir='ltr'>quo</span> <span class='ocrx_word' id='word_1_93' title='bbox 950 1877 1091 1960; x_wconf 90' lang='lat' dir='ltr'>quidam</span> 
     </span>
     <span class='ocr_line' id='line_1_16' title="bbox 148 1975 1092 2059; baseline 0.002 -20"><span class='ocrx_word' id='word_1_94' title='bbox 148 1977 284 2058; x_wconf 84' lang='lat' dir='ltr'>regales</span> <span class='ocrx_word' id='word_1_95' title='bbox 300 1975 515 2043; x_wconf 90' lang='lat' dir='ltr'>Londoniam</span> <span class='ocrx_word' id='word_1_96' title='bbox 533 1977 825 2055; x_wconf 89' lang='lat' dir='ltr'>transmittuntur,</span> <span class='ocrx_word' id='word_1_97' title='bbox 841 1978 900 2059; x_wconf 92' lang='lat' dir='ltr'>qui</span> <span class='ocrx_word' id='word_1_98' title='bbox 915 1978 1092 2059; x_wconf 79' lang='lat' dir='ltr'>sagacium</span> 
     </span>
     <span class='ocr_line' id='line_1_17' title="bbox 148 2076 1093 2168; baseline 0.003 -29"><span class='ocrx_word' id='word_1_99' title='bbox 148 2080 333 2168; x_wconf 85' lang='lat' dir='ltr'>verborum</span> <span class='ocrx_word' id='word_1_100' title='bbox 344 2076 463 2144; x_wconf 81' lang='lat' dir='ltr'>colore</span> <span class='ocrx_word' id='word_1_101' title='bbox 478 2080 567 2144; x_wconf 91' lang='lat' dir='ltr'>inter</span> <span class='ocrx_word' id='word_1_102' title='bbox 575 2079 669 2162; x_wconf 88' lang='lat' dir='ltr'>ipsos</span> <span class='ocrx_word' id='word_1_103' title='bbox 683 2085 718 2142; x_wconf 93' lang='lat' dir='ltr'>et</span> <span class='ocrx_word' id='word_1_104' title='bbox 728 2098 844 2160; x_wconf 78' lang='lat' dir='ltr'>regem</span> <span class='ocrx_word' id='word_1_105' title='bbox 856 2078 969 2142; x_wconf 88' lang='lat' dir='ltr'>foedus</span> <span class='ocrx_word' id='word_1_106' title='bbox 984 2077 1093 2143; x_wconf 88' lang='lat' dir='ltr'>foede·</span> 
     </span>
     <span class='ocr_line' id='line_1_18' title="bbox 150 2178 1232 2263; baseline -0.002 -22"><span class='ocrx_word' id='word_1_107' title='bbox 150 2186 279 2255; x_wconf 84' lang='lat' dir='ltr'>rantes,</span> <span class='ocrx_word' id='word_1_108' title='bbox 292 2179 397 2243; x_wconf 90' lang='lat' dir='ltr'>immo</span> <span class='ocrx_word' id='word_1_109' title='bbox 414 2179 596 2256; x_wconf 87' lang='lat' dir='ltr'>foedantes,</span> <span class='ocrx_word' id='word_1_110' title='bbox 608 2179 746 2244; x_wconf 87' lang='lat' dir='ltr'>tandem</span> <span class='ocrx_word' id='word_1_111' title='bbox 761 2179 926 2263; x_wconf 87' lang='lat' dir='ltr'>maj0rem</span> <span class='ocrx_word' id='word_1_112' title='bbox 942 2178 1094 2244; x_wconf 87' lang='lat' dir='ltr'>civitatis</span> <span class='ocrx_word' id='word_1_113' title='bbox 1105 2201 1232 2248; x_wconf 64' lang='lat' dir='ltr'>samaa</span> 
     </span>
    </p>
   </div>
   <div class='ocr_carea' id='block_1_3' title="bbox 149 2253 1222 2362">
    <p class='ocr_par' dir='ltr' id='par_1_3' title="bbox 149 2253 1222 2362">
     <span class='ocr_line' id='line_1_19' title="bbox 149 2253 1222 2362; baseline 0 -21"><span class='ocrx_word' id='word_1_114' title='bbox 149 2296 228 2341; x_wconf 91' lang='lat' dir='ltr'>cum</span> <span class='ocrx_word' id='word_1_115' title='bbox 261 2279 418 2362; x_wconf 89' lang='lat' dir='ltr'>pluribus</span> <span class='ocrx_word' id='word_1_116' title='bbox 446 2280 578 2346; x_wconf 86' lang='lat' dir='ltr'>civibus</span> <span class='ocrx_word' id='word_1_117' title='bbox 603 2280 647 2343; x_wconf 90' lang='lat' dir='ltr'>ad</span> <span class='ocrx_word' id='word_1_118' title='bbox 680 2279 946 2344; x_wconf 89' lang='lat' dir='ltr'>Windeshoram</span> <span class='ocrx_word' id='word_1_119' title='bbox 977 2253 1222 2350; x_wconf 54' lang='lat' dir='ltr'>secnmiiid‘a&#39;i&#39;i</span> 
     </span>
    </p>
   </div>
   <div class='ocr_carea' id='block_1_4' title="bbox 109 2353 1259 3850">
    <p class='ocr_par' dir='ltr' id='par_1_4' title="bbox 109 2353 1243 2664">
     <span class='ocr_line' id='line_1_20' title="bbox 109 2353 1236 2464; baseline 0.001 -23"><span class='ocrx_word' id='word_1_120' title='bbox 109 2378 115 2388; x_wconf 87' lang='lat'>&#39;</span> <span class='ocrx_word' id='word_1_121' title='bbox 150 2378 394 2446; x_wconf 87' lang='lat' dir='ltr'>adduxerunt:</span> <span class='ocrx_word' id='word_1_122' title='bbox 418 2398 580 2463; x_wconf 92' lang='lat' dir='ltr'>quocum</span> <span class='ocrx_word' id='word_1_123' title='bbox 598 2381 846 2463; x_wconf 91' lang='lat' dir='ltr'>pervenissent,</span> <span class='ocrx_word' id='word_1_124' title='bbox 864 2380 982 2444; x_wconf 90' lang='lat' dir='ltr'>statim</span> <span class='ocrx_word' id='word_1_125' title='bbox 1001 2381 1094 2463; x_wconf 91' lang='lat' dir='ltr'>capti</span> <span class='ocrx_word' id='word_1_126' title='bbox 1107 2353 1236 2464; x_wconf 41' lang='lat' dir='ltr'>ibidibus</span> 
     </span>
     <span class='ocr_line' id='line_1_21' title="bbox 149 2454 1243 2561; baseline 0.002 -20"><span class='ocrx_word' id='word_1_127' title='bbox 149 2477 466 2557; x_wconf 89' lang='lat' dir='ltr'>incarcerabantur,</span> <span class='ocrx_word' id='word_1_128' title='bbox 485 2480 676 2544; x_wconf 91' lang='lat' dir='ltr'>munitione</span> <span class='ocrx_word' id='word_1_129' title='bbox 698 2480 850 2544; x_wconf 87' lang='lat' dir='ltr'>civitatis</span> <span class='ocrx_word' id='word_1_130' title='bbox 872 2500 894 2544; x_wconf 88' lang='lat' dir='ltr'>a</span> <span class='ocrx_word' id='word_1_131' title='bbox 920 2481 1095 2561; x_wconf 87' lang='lat' dir='ltr'>regalibus</span> <span class='ocrx_word' id='word_1_132' title='bbox 1106 2458 1129 2494; x_wconf 45' lang='grc' dir='ltr'><strong>ἰ</strong></span> <span class='ocrx_word' id='word_1_133' title='bbox 1138 2454 1243 2494; x_wconf 61' lang='lat' dir='ltr'>W¹¹¹⁶⁸⁰⁵</span> 
     </span>
     <span class='ocr_line' id='line_1_22' title="bbox 151 2579 1094 2664; baseline 0.001 -22"><span class='ocrx_word' id='word_1_134' title='bbox 151 2589 336 2663; x_wconf 88' lang='lat' dir='ltr'>occupata,</span> <span class='ocrx_word' id='word_1_135' title='bbox 351 2580 412 2664; x_wconf 90' lang='lat' dir='ltr'>qui</span> <span class='ocrx_word' id='word_1_136' title='bbox 427 2581 593 2664; x_wconf 87' lang='lat' dir='ltr'>repagula</span> <span class='ocrx_word' id='word_1_137' title='bbox 609 2586 645 2644; x_wconf 89' lang='lat' dir='ltr'>et</span> <span class='ocrx_word' id='word_1_138' title='bbox 660 2586 801 2644; x_wconf 86' lang='lat' dir='ltr'>catenas</span> <span class='ocrx_word' id='word_1_139' title='bbox 816 2579 958 2656; x_wconf 75' lang='lat' dir='ltr'>ferreae,</span> <span class='ocrx_word' id='word_1_140' title='bbox 970 2581 1094 2662; x_wconf 89' lang='lat' dir='ltr'>quibus</span> 
     </span>
    </p>

    <p class='ocr_par' dir='ltr' id='par_1_5' title="bbox 152 2679 1094 2864">
     <span class='ocr_line' id='line_1_23' title="bbox 152 2679 1094 2763; baseline 0 -20"><span class='ocrx_word' id='word_1_141' title='bbox 152 2699 270 2744; x_wconf 89' lang='lat' dir='ltr'>omnes</span> <span class='ocrx_word' id='word_1_142' title='bbox 281 2682 407 2763; x_wconf 85' lang='lat' dir='ltr'>plateae</span> <span class='ocrx_word' id='word_1_143' title='bbox 416 2690 451 2746; x_wconf 90' lang='lat' dir='ltr'>et</span> <span class='ocrx_word' id='word_1_144' title='bbox 464 2681 570 2746; x_wconf 85' lang='lat' dir='ltr'>viculi</span> <span class='ocrx_word' id='word_1_145' title='bbox 585 2679 736 2744; x_wconf 88' lang='lat' dir='ltr'>civitatis</span> <span class='ocrx_word' id='word_1_146' title='bbox 750 2679 952 2744; x_wconf 88' lang='lat' dir='ltr'>mirabiliter</span> <span class='ocrx_word' id='word_1_147' title='bbox 963 2681 1094 2743; x_wconf 91' lang='lat' dir='ltr'>munie-</span> 
     </span>
     <span class='ocr_line' id='line_1_24' title="bbox 152 2778 1094 2864; baseline 0 -20"><span class='ocrx_word' id='word_1_148' title='bbox 152 2781 289 2859; x_wconf 87' lang='lat' dir='ltr'>bantur,</span> <span class='ocrx_word' id='word_1_149' title='bbox 305 2778 460 2846; x_wconf 83' lang='lat' dir='ltr'>lunditns</span> <span class='ocrx_word' id='word_1_150' title='bbox 482 2781 685 2858; x_wconf 85' lang='lat' dir='ltr'>avellentes,</span> <span class='ocrx_word' id='word_1_151' title='bbox 703 2799 779 2844; x_wconf 91' lang='lat' dir='ltr'>eam</span> <span class='ocrx_word' id='word_1_152' title='bbox 795 2779 867 2860; x_wconf 79' lang='lat' dir='ltr'>regi</span> <span class='ocrx_word' id='word_1_153' title='bbox 885 2779 1094 2864; x_wconf 83' lang='lat' dir='ltr'>subjugave-</span> 
     </span>
    </p>

    <p class='ocr_par' dir='ltr' id='par_1_6' title="bbox 152 2879 1095 3063">
     <span class='ocr_line' id='line_1_25' title="bbox 152 2879 1095 2965; baseline 0 -21"><span class='ocrx_word' id='word_1_154' title='bbox 152 2887 245 2957; x_wconf 88' lang='lat' dir='ltr'>runt,</span> <span class='ocrx_word' id='word_1_155' title='bbox 278 2889 313 2947; x_wconf 91' lang='lat' dir='ltr'>et</span> <span class='ocrx_word' id='word_1_156' title='bbox 347 2882 503 2965; x_wconf 90' lang='lat' dir='ltr'>pluribus</span> <span class='ocrx_word' id='word_1_157' title='bbox 540 2883 673 2946; x_wconf 89' lang='lat' dir='ltr'>civibus</span> <span class='ocrx_word' id='word_1_158' title='bbox 704 2879 944 2956; x_wconf 80' lang='lat' dir='ltr'>exhaeredatis,</span> <span class='ocrx_word' id='word_1_159' title='bbox 977 2880 1095 2944; x_wconf 81' lang='lat' dir='ltr'>caeteri</span> 
     </span>
     <span class='ocr_line' id='line_1_26' title="bbox 155 2975 1095 3063; baseline -0.001 -19"><span class='ocrx_word' id='word_1_160' title='bbox 155 2981 277 3063; x_wconf 81' lang='lat' dir='ltr'>viginti</span> <span class='ocrx_word' id='word_1_161' title='bbox 294 2982 444 3047; x_wconf 89' lang='lat' dir='ltr'>millibus</span> <span class='ocrx_word' id='word_1_162' title='bbox 454 3001 645 3046; x_wconf 89' lang='lat' dir='ltr'>marcarum</span> <span class='ocrx_word' id='word_1_163' title='bbox 661 2981 727 3045; x_wconf 87' lang='lat' dir='ltr'>sibi</span> <span class='ocrx_word' id='word_1_164' title='bbox 739 2999 860 3063; x_wconf 88' lang='lat' dir='ltr'>pacem</span> <span class='ocrx_word' id='word_1_165' title='bbox 871 2975 1095 3045; x_wconf 83' lang='lat' dir='ltr'>redimebant.</span> 
     </span>
    </p>

    <p class='ocr_par' dir='ltr' id='par_1_7' title="bbox 155 3079 1095 3165">
     <span class='ocr_line' id='line_1_27' title="bbox 155 3079 1095 3165; baseline -0.004 -19"><span class='ocrx_word' id='word_1_166' title='bbox 155 3080 248 3159; x_wconf 84' lang='lat' dir='ltr'>Rex,</span> <span class='ocrx_word' id='word_1_167' title='bbox 274 3102 338 3165; x_wconf 85' lang='lat' dir='ltr'>pro</span> <span class='ocrx_word' id='word_1_168' title='bbox 374 3082 473 3147; x_wconf 91' lang='lat' dir='ltr'>libito</span> <span class='ocrx_word' id='word_1_169' title='bbox 500 3101 577 3160; x_wconf 90' lang='lat' dir='ltr'>suo,</span> <span class='ocrx_word' id='word_1_170' title='bbox 611 3081 759 3147; x_wconf 90' lang='lat' dir='ltr'>contulit</span> <span class='ocrx_word' id='word_1_171' title='bbox 789 3088 859 3144; x_wconf 90' lang='lat' dir='ltr'>tam</span> <span class='ocrx_word' id='word_1_172' title='bbox 894 3079 1095 3162; x_wconf 85' lang='lat' dir='ltr'>alienigenis</span> 
     </span>
    </p>

    <p class='ocr_par' dir='ltr' id='par_1_8' title="bbox 152 3180 1096 3265">
     <span class='ocr_line' id='line_1_28' title="bbox 152 3180 1096 3265; baseline -0.002 -20"><span class='ocrx_word' id='word_1_173' title='bbox 152 3201 257 3264; x_wconf 90' lang='lat' dir='ltr'>quam</span> <span class='ocrx_word' id='word_1_174' title='bbox 272 3182 398 3265; x_wconf 82' lang='lat' dir='ltr'>Anglis</span> <span class='ocrx_word' id='word_1_175' title='bbox 415 3201 533 3247; x_wconf 90' lang='lat' dir='ltr'>omnes</span> <span class='ocrx_word' id='word_1_176' title='bbox 550 3190 660 3247; x_wconf 90' lang='lat' dir='ltr'>terras</span> <span class='ocrx_word' id='word_1_177' title='bbox 678 3188 713 3245; x_wconf 88' lang='lat' dir='ltr'>et</span> <span class='ocrx_word' id='word_1_178' title='bbox 728 3180 964 3264; x_wconf 86' lang='lat' dir='ltr'>possessiones</span> <span class='ocrx_word' id='word_1_179' title='bbox 977 3192 1096 3244; x_wconf 87' lang='lat' dir='ltr'>eornm</span> 
     </span>
    </p>

    <p class='ocr_par' dir='ltr' id='par_1_9' title="bbox 154 3280 1096 3367">
     <span class='ocr_line' id='line_1_29' title="bbox 154 3280 1096 3367; baseline -0.002 -21"><span class='ocrx_word' id='word_1_180' title='bbox 154 3283 215 3365; x_wconf 89' lang='lat' dir='ltr'>qui</span> <span class='ocrx_word' id='word_1_181' title='bbox 243 3283 279 3347; x_wconf 92' lang='lat' dir='ltr'>in</span> <span class='ocrx_word' id='word_1_182' title='bbox 306 3283 398 3349; x_wconf 91' lang='lat' dir='ltr'>bello</span> <span class='ocrx_word' id='word_1_183' title='bbox 425 3283 518 3367; x_wconf 93' lang='lat' dir='ltr'>apud</span> <span class='ocrx_word' id='word_1_184' title='bbox 548 3283 668 3348; x_wconf 86' lang='lat' dir='ltr'>Lewes</span> <span class='ocrx_word' id='word_1_185' title='bbox 702 3287 741 3346; x_wconf 93' lang='lat' dir='ltr'>et</span> <span class='ocrx_word' id='word_1_186' title='bbox 766 3280 939 3346; x_wconf 88' lang='lat' dir='ltr'>Evesham</span> <span class='ocrx_word' id='word_1_187' title='bbox 973 3287 1096 3345; x_wconf 90' lang='lat' dir='ltr'>contra</span> 
     </span>
    </p>

    <p class='ocr_par' dir='ltr' id='par_1_10' title="bbox 152 3381 1096 3565">
     <span class='ocr_line' id='line_1_30' title="bbox 152 3381 1096 3466; baseline 0 -21"><span class='ocrx_word' id='word_1_188' title='bbox 152 3382 266 3465; x_wconf 90' lang='lat' dir='ltr'>ipsum</span> <span class='ocrx_word' id='word_1_189' title='bbox 308 3382 459 3462; x_wconf 79' lang='lat' dir='ltr'>suerunt,</span> <span class='ocrx_word' id='word_1_190' title='bbox 500 3383 556 3449; x_wconf 87' lang='lat' dir='ltr'>vel</span> <span class='ocrx_word' id='word_1_191' title='bbox 596 3383 689 3466; x_wconf 88' lang='lat' dir='ltr'>apud</span> <span class='ocrx_word' id='word_1_192' title='bbox 735 3381 1010 3446; x_wconf 88' lang='lat' dir='ltr'>Norbamtonam</span> <span class='ocrx_word' id='word_1_193' title='bbox 1060 3388 1096 3445; x_wconf 90' lang='lat' dir='ltr'>et</span> 
     </span>
     <span class='ocr_line' id='line_1_31' title="bbox 155 3479 1096 3565; baseline 0.001 -19"><span class='ocrx_word' id='word_1_194' title='bbox 155 3481 358 3550; x_wconf 73' lang='lat' dir='ltr'>Kenilwor&#39;a</span> <span class='ocrx_word' id='word_1_195' title='bbox 374 3484 506 3549; x_wconf 86' lang='lat' dir='ltr'>inventi</span> <span class='ocrx_word' id='word_1_196' title='bbox 529 3484 679 3560; x_wconf 84' lang='lat' dir='ltr'>fuerunt,</span> <span class='ocrx_word' id='word_1_197' title='bbox 695 3482 851 3565; x_wconf 85' lang='lat' dir='ltr'>exceptis</span> <span class='ocrx_word' id='word_1_198' title='bbox 875 3482 976 3547; x_wconf 87' lang='lat' dir='ltr'>terris</span> <span class='ocrx_word' id='word_1_199' title='bbox 993 3479 1038 3546; x_wconf 83' lang='lat' dir='ltr'>G.</span> <span class='ocrx_word' id='word_1_200' title='bbox 1054 3481 1096 3547; x_wconf 88' lang='lat' dir='ltr'>de</span> 
     </span>
    </p>

    <p class='ocr_par' dir='ltr' id='par_1_11' title="bbox 155 3582 1095 3664">
     <span class='ocr_line' id='line_1_32' title="bbox 155 3582 1095 3664; baseline -0.002 -17"><span class='ocrx_word' id='word_1_201' title='bbox 155 3583 270 3663; x_wconf 87' lang='lat' dir='ltr'>Clare,</span> <span class='ocrx_word' id='word_1_202' title='bbox 285 3584 412 3650; x_wconf 88' lang='lat' dir='ltr'>comite</span> <span class='ocrx_word' id='word_1_203' title='bbox 427 3583 638 3663; x_wconf 88' lang='lat' dir='ltr'>Gloverniac,</span> <span class='ocrx_word' id='word_1_204' title='bbox 656 3583 801 3647; x_wconf 88' lang='lat' dir='ltr'>consilio</span> <span class='ocrx_word' id='word_1_205' title='bbox 822 3582 914 3664; x_wconf 81' lang='lat' dir='ltr'>regis</span> <span class='ocrx_word' id='word_1_206' title='bbox 928 3582 1095 3646; x_wconf 89' lang='lat' dir='ltr'>sententi-</span> 
     </span>
    </p>

    <p class='ocr_par' dir='ltr' id='par_1_12' title="bbox 155 3682 1095 3767">
     <span class='ocr_line' id='line_1_33' title="bbox 155 3682 1095 3767; baseline -0.005 -18"><span class='ocrx_word' id='word_1_207' title='bbox 155 3692 235 3749; x_wconf 87' lang='lat' dir='ltr'>ante</span> <span class='ocrx_word' id='word_1_208' title='bbox 250 3685 311 3763; x_wconf 88' lang='lat' dir='ltr'>sic,</span> <span class='ocrx_word' id='word_1_209' title='bbox 327 3685 408 3749; x_wconf 88' lang='lat' dir='ltr'>licet</span> <span class='ocrx_word' id='word_1_210' title='bbox 430 3684 537 3767; x_wconf 89' lang='lat' dir='ltr'>aliqui</span> <span class='ocrx_word' id='word_1_211' title='bbox 556 3684 636 3749; x_wconf 91' lang='lat' dir='ltr'>huic</span> <span class='ocrx_word' id='word_1_212' title='bbox 661 3682 840 3748; x_wconf 88' lang='lat' dir='ltr'>sententiae</span> <span class='ocrx_word' id='word_1_213' title='bbox 863 3702 930 3746; x_wconf 94' lang='lat' dir='ltr'>non</span> <span class='ocrx_word' id='word_1_214' title='bbox 950 3683 1095 3746; x_wconf 58' lang='lat' dir='ltr'>consenss</span> 
     </span>
    </p>

    <p class='ocr_par' dir='ltr' id='par_1_13' title="bbox 154 3782 1259 3850">
     <span class='ocr_line' id='line_1_34' title="bbox 154 3782 1259 3850; baseline -0.009 -2"><span class='ocrx_word' id='word_1_215' title='bbox 154 3785 269 3850; x_wconf 86' lang='lat' dir='ltr'>tirent.</span> <span class='ocrx_word' id='word_1_216' title='bbox 314 3784 477 3850; x_wconf 85' lang='lat' dir='ltr'>Castrum</span> <span class='ocrx_word' id='word_1_217' title='bbox 504 3785 547 3848; x_wconf 90' lang='lat' dir='ltr'>de</span> <span class='ocrx_word' id='word_1_218' title='bbox 570 3785 712 3849; x_wconf 87' lang='lat' dir='ltr'>Dovera</span> <span class='ocrx_word' id='word_1_219' title='bbox 731 3782 903 3848; x_wconf 82' lang='lat' dir='ltr'>Eduardo</span> <span class='ocrx_word' id='word_1_220' title='bbox 925 3783 1096 3846; x_wconf 89' lang='lat' dir='ltr'>redditum</span> <span class='ocrx_word' id='word_1_221' title='bbox 1109 3799 1259 3841; x_wconf 67' lang='lat' dir='ltr'>novercata</span> 
     </span>
    </p>
   </div>
   <div class='ocr_carea' id='block_1_5' title="bbox 1108 3850 1250 3891">
    <p class='ocr_par' dir='ltr' id='par_1_14' title="bbox 1108 3850 1250 3891">
     <span class='ocr_line' id='line_1_35' title="bbox 1108 3850 1250 3891; baseline -0.007 0"><span class='ocrx_word' id='word_1_222' title='bbox 1108 3850 1250 3891; x_wconf 79' lang='lat' dir='ltr'>surrendered</span> 
     </span>
    </p>
   </div>
   <div class='ocr_carea' id='block_1_6' title="bbox 155 3882 1217 3991">
    <p class='ocr_par' dir='ltr' id='par_1_15' title="bbox 155 3882 1217 3991">
     <span class='ocr_line' id='line_1_36' title="bbox 155 3882 1217 3991; baseline -0.003 -43"><span class='ocrx_word' id='word_1_223' title='bbox 155 3891 221 3964; x_wconf 90' lang='lat' dir='ltr'>est,</span> <span class='ocrx_word' id='word_1_224' title='bbox 237 3891 272 3949; x_wconf 94' lang='lat' dir='ltr'>et</span> <span class='ocrx_word' id='word_1_225' title='bbox 288 3893 411 3968; x_wconf 90' lang='lat' dir='ltr'>postea</span> <span class='ocrx_word' id='word_1_226' title='bbox 426 3883 570 3949; x_wconf 83' lang='lat' dir='ltr'>Alienor</span> <span class='ocrx_word' id='word_1_227' title='bbox 592 3885 713 3966; x_wconf 89' lang='lat' dir='ltr'>regina</span> <span class='ocrx_word' id='word_1_228' title='bbox 731 3903 809 3948; x_wconf 91' lang='lat' dir='ltr'>cum</span> <span class='ocrx_word' id='word_1_229' title='bbox 828 3883 1010 3946; x_wconf 91' lang='lat' dir='ltr'>Edmundo</span> <span class='ocrx_word' id='word_1_230' title='bbox 1026 3882 1096 3946; x_wconf 87' lang='lat' dir='ltr'>filio</span> <span class='ocrx_word' id='word_1_231' title='bbox 1110 3900 1217 3991; x_wconf 49' lang='lat' dir='ltr'>w?</span> 
     </span>
    </p>
   </div>
   <div class='ocr_carea' id='block_1_7' title="bbox 153 3981 1227 4069">
    <p class='ocr_par' dir='ltr' id='par_1_16' title="bbox 153 3981 1227 4069">
     <span class='ocr_line' id='line_1_37' title="bbox 153 3981 1227 4069; baseline -0.009 -21"><span class='ocrx_word' id='word_1_232' title='bbox 153 4004 218 4049; x_wconf 89' lang='lat' dir='ltr'>suo</span> <span class='ocrx_word' id='word_1_233' title='bbox 254 3986 422 4069; x_wconf 87' lang='lat' dir='ltr'>applicuit</span> <span class='ocrx_word' id='word_1_234' title='bbox 461 3985 497 4048; x_wconf 92' lang='lat' dir='ltr'>in</span> <span class='ocrx_word' id='word_1_235' title='bbox 527 3982 707 4066; x_wconf 88' lang='lat' dir='ltr'>Angliam,</span> <span class='ocrx_word' id='word_1_236' title='bbox 744 4000 792 4048; x_wconf 89' lang='lat' dir='ltr'>1v.</span> <span class='ocrx_word' id='word_1_237' title='bbox 820 3981 892 4048; x_wconf 83' lang='lat' dir='ltr'>kal.</span> <span class='ocrx_word' id='word_1_238' title='bbox 926 3982 1227 4046; x_wconf 73' lang='lat' dir='ltr'>Novembnnrvnor</span> 
     </span>
    </p>
   </div>
   <div class='ocr_carea' id='block_1_8' title="bbox 1110 4053 1234 4099">
    <p class='ocr_par' dir='ltr' id='par_1_17' title="bbox 1110 4053 1234 4099">
     <span class='ocr_line' id='line_1_38' title="bbox 1110 4053 1234 4099; baseline 0.016 -9"><span class='ocrx_word' id='word_1_239' title='bbox 1110 4053 1147 4091; x_wconf 85' lang='lat' dir='ltr'>the</span> <span class='ocrx_word' id='word_1_240' title='bbox 1156 4061 1234 4099; x_wconf 82' lang='lat' dir='ltr'>queen.</span> 
     </span>
    </p>
   </div>
   <div class='ocr_carea' id='block_1_9' title="bbox 153 4077 1230 4201">
    <p class='ocr_par' dir='ltr' id='par_1_18' title="bbox 153 4077 1230 4201">
     <span class='ocr_line' id='line_1_39' title="bbox 153 4077 1230 4201; baseline -0.006 -51"><span class='ocrx_word' id='word_1_241' title='bbox 153 4077 215 4167; x_wconf 81' lang='lat'>[29</span> <span class='ocrx_word' id='word_1_242' title='bbox 246 4084 354 4167; x_wconf 90' lang='lat' dir='ltr'>Oct.].</span> <span class='ocrx_word' id='word_1_243' title='bbox 407 4085 538 4149; x_wconf 91' lang='lat' dir='ltr'>Eodem</span> <span class='ocrx_word' id='word_1_244' title='bbox 571 4085 677 4148; x_wconf 89' lang='lat' dir='ltr'>etiam</span> <span class='ocrx_word' id='word_1_245' title='bbox 708 4090 861 4166; x_wconf 87' lang='lat' dir='ltr'>tempore</span> <span class='ocrx_word' id='word_1_246' title='bbox 885 4083 1230 4201; x_wconf 53' lang='lat' dir='ltr'>⁰⁰t⁰b⁰¹¹⁰⁸2ffl0¹¹112¹2ig</span> 
     </span>
    </p>
   </div>
   <div class='ocr_carea' id='block_1_10' title="bbox 154 4182 1220 4350">
    <p class='ocr_par' dir='ltr' id='par_1_19' title="bbox 154 4182 1220 4350">
     <span class='ocr_line' id='line_1_40' title="bbox 154 4182 1220 4265; baseline -0.008 -16"><span class='ocrx_word' id='word_1_247' title='bbox 154 4185 320 4251; x_wconf 90' lang='lat' dir='ltr'>diaconus</span> <span class='ocrx_word' id='word_1_248' title='bbox 351 4185 537 4250; x_wconf 89' lang='lat' dir='ltr'>cardinalis</span> <span class='ocrx_word' id='word_1_249' title='bbox 560 4184 680 4250; x_wconf 91' lang='lat' dir='ltr'>Sancti</span> <span class='ocrx_word' id='word_1_250' title='bbox 712 4184 870 4260; x_wconf 84' lang='lat' dir='ltr'>Adriani,</span> <span class='ocrx_word' id='word_1_251' title='bbox 900 4182 1099 4265; x_wconf 71' lang='lat' dir='ltr'>apostolice</span> <span class='ocrx_word' id='word_1_252' title='bbox 1112 4202 1220 4243; x_wconf 71' lang='lat' dir='ltr'>oraton.</span> 
     </span>
     <span class='ocr_line' id='line_1_41' title="bbox 912 4305 961 4350; baseline 0 0"><span class='ocrx_word' id='word_1_253' title='bbox 912 4314 930 4350; x_wconf 91' lang='lat' dir='ltr'>o</span> <span class='ocrx_word' id='word_1_254' title='bbox 945 4305 961 4350; x_wconf 81' lang='lat' dir='ltr'>a</span> 
     </span>
    </p>
   </div>
   <div class='ocr_carea' id='block_1_11' title="bbox 0 0 1470 4866">
    <p class='ocr_par' dir='ltr' id='par_1_20' title="bbox 0 0 1470 4866">
     <span class='ocr_line' id='line_1_42' title="bbox 0 0 1470 4866; baseline 0 0"><span class='ocrx_word' id='word_1_255' title='bbox 0 0 1470 4866; x_wconf 95' lang='lat' dir='ltr'> </span> 
     </span>
    </p>
   </div>
  </div>
 </body>
</html>
