2918 4866
367 400 434 465 214
617 411 865 461 courmuarro
888 410 1064 458 cunonrcr

371 571 539 645 Roberto‚
558 566 723 632 Cantuar.
741 565 1014 649 archiepiscopo,
1042 566 1077 629 in
1107 583 1225 647 regem
1246 563 1322 627 An-

371 673 452 753 gliae
469 668 696 742 sollemniter,
711 685 781 730 una
798 685 876 729 curn
893 668 1028 748 regina,
1048 684 1156 729 uxore
1172 683 1249 740 sua,
1266 670 1321 727 est

371 777 568 837 coronatus.
610 768 689 832 Rex
708 765 865 830 Franciae
882 767 983 830 duxit
998 767 1033 829 in
1050 786 1195 829 uxorem
1213 765 1321 830 filiam

372 867 702 950 ducisBurgundiae,
715 873 832 930 sorore
843 867 933 946 regis
943 866 1109 949 ejusdem,
1118 865 1196 930 vice
1207 884 1322 941 versa,

372 971 483 1037 eidem
497 969 577 1032 duci
591 968 628 1031 in
643 967 898 1031 matrimonium
910 965 1109 1050 conjuncta.

223 1088 351 1133 sonu.
423 1068 602 1144 Alienora,
626 1085 718 1130 uxor
740 1066 844 1148 regis,
866 1066 987 1147 regina
1012 1065 1163 1148 Angliae,
1185 1066 1323 1148 peperit

210 1159 318 1258 ξῖᾙξ.
374 1169 478 1233 filiam
502 1167 594 1250 apud
613 1165 860 1240 windlesores,
884 1184 988 1248 quarn
1010 1167 1201 1230 nominavit
1226 1165 1326 1230 Mar-

211 1263 335 1358 ffim
374 1275 542 1351 g'aretam.
595 1267 810 1347 Margareta,
827 1266 946 1347 regina
960 1265 1097 1343 Scotiae,
1114 1273 1149 1330 et
1165 1257 1324 1343 Beatrix,

211 1357 342 1450 ἓξὲῗίΨ
375 1368 550 1434 comitissa
580 1366 780 1443 Britanniae,
808 1365 887 1430 filiae
918 1366 1010 1446 regis
1044 1366 1200 1443 Henrici,
1232 1366 1324 1430 diem

212 1455 353 1557 {2232ssssssss
376 1469 575 1533 clauserunt
603 1473 806 1530 extremum.
840 1465 1031 1529 'Dominus
1057 1487 1117 1530 rex
1142 1475 1178 1530 et
1204 1466 1327 1548 regina

213 1561 259 1650 {1¹3
266 1558 335 1657 ffli,
378 1572 546 1633 venerunt
568 1564 660 1648 apud
678 1565 844 1629 Sanctum
870 1565 1104 1644 Edmundum,
1127 1567 1328 1650 peregrina-

215 1656 349 1756 m‘ssffiff'
377 1669 481 1733 tionis
509 1685 627 1743 causa,
651 1682 713 1729 Χν.
742 1664 811 1730 kal.
838 1665 925 1729 Maii
951 1666 1011 1747 [17
1025 1665 1142 1749 Apr.]‚
1163 1675 1269 1749 prout
1289 1667 1327 1729 in

214 1710 344 1849 {imp
379 1777 472 1833 terra
497 1773 666 1831 voverunt
686 1764 1017 1849 Hierosolymitana.
1071 1765 1141 1845 Qui
1167 1761 1328 1831 dominus

377 1888 453 1944 rex,
482 1865 624 1930 consilio
653 1884 717 1929 suo
747 1865 812 1929 hoc
839 1867 1066 1948 approbante,
1097 1874 1176 1948 post
1215 1866 1329 1930 muni·

379 1975 571 2031 mentorum
607 1966 758 2030 ecclesiae
794 1965 829 2031 S.
856 1966 1029 2031 Edmundi
1066 1967 1328 2050 inspectionem,

379 2069 523 2132 liberam
538 2066 635 2130 visus
650 2064 799 2131 faciendi
813 2065 856 2129 de
873 2067 1042 2130 mensuris
1053 2075 1087 2131 et
1104 2067 1328 2149 ponderibus,

381 2168 513 2248 absque
551 2165 667 2246 aliquo
704 2165 939 2230 ministrorum
974 2185 1113 2231 suorum
1150 2168 1328 2244 interesse,

382 2265 536 2348 ejusdem
579 2264 646 2327 loci
672 2267 869 2330 'conventui
906 2267 1076 2330 concessit
1116 2266 1331 2356 facultatem.

219 2383 364 2434 suamet
385 2365 481 2429 Obiit
491 2365 514 2429 J
517 2364 681 2441 ohannes,
693 2364 959 2429 Heresordensis
975 2367 1169 2449 episcopus,
1184 2365 1331 2430 cuisuc-

221 2436 332 2482 Hereum.

221 2484 372 2586 ggabffiffie-
384 2465 488 2530 cessit
511 2465 677 2544 magister
694 2465 847 2530 Thomas
870 2465 913 2529 de
941 2464 1147 2549 Cantelupo,
1174 2466 1331 2551 ejusdem

220 2587 346 2686 ffigfllpe.
385 2565 453 2629 loci
486 2565 683 2629 canonicus.
735 2565 923 2630 Londoniis
954 2566 1093 2649 qnidam
1132 2566 1175 2630 de
1211 2565 1332 2631 ordine

222 2687 303 2727 leur
386 2664 662 2748 praedicatorum,
697 2664 811 2728 dictus
847 2665 954 2730 irater
989 2666 1164 2731 Robertus
1192 2666 1235 2730 de
1260 2665 1333 2730 Re-

222 2737 346 2828 iu‘iiiidw.
385 2765 525 2847 dingge,
548 2764 754 2847 praedicator
778 2765 940 2847 optimus,
961 2765 1149 2848 linguaque
1178 2765 1334 2830 Hebraea

386 2864 648 2940 eruditissimus,
665 2866 891 2946 apostatavit,
908 2871 943 2929 et
958 2867 1001 2929 a'd
1016 2866 1039 2930 J
1042 2865 1233 2929 udaismum
1252 2884 1334 2929 con·

386 2964 528 3041 volavit,
557 2971 663 3045 atque
684 2963 707 3027 J
711 2964 843 3028 udaeam
867 2965 995 3029 ducens
1016 2966 1176 3042 'uxorem
1207 2985 1245 3028 se
1267 2966 1332 3029 cir-

387 3063 547 3141 cumcidi,
562 3071 668 3144 atque
684 3062 983 3146 Haggaeum'fecit
1001 3065 1180 3129 nominari.
1215 3063 1331 3143 Quem

387 3165 594 3228 accercitum
607 3169 642 3226 et
655 3170 776 3227 contra
792 3163 904 3245 legem
920 3164 1152 3229 Christianam
1169 3163 1335 3229 audacter

388 3270 423 3327 et
451 3265 588 3344 publice
611 3263 846 3340 disserentem,
866 3284 929 3328 rex
956 3263 1214 3346 archiepiscopo
1240 3283 1336 3328 com-

224 3382 339 3423 mane
388 3362 565 3426 mondavit
606 3362 858 3427 Cantuariensi.
927 3363 1060 3427 Tertio>
1077 3364 1123 3427 id.
1158 3363 1335 3445 Septemb.

226 3433 303 3482 qm*
389 3461 449 3542 [ll
466 3461 578 3543 Sept]
604 3461 717 3525 factus
743 3472 796 3526 est
815 3470 915 3547 terrae
933 3467 1048 3527 motus
1073 3480 1221 3546 magnus
1246 3463 1338 3528 Lon·

388 3559 508 3636 doniae,
527 3567 561 3624 et
584 3559 655 3625 sere
683 3581 743 3644 por
768 3569 877 3626 totam
898 3561 1075 3644 Angliam,
1095 3563 1190 3627 circa
1214 3562 1337 3628 horam

225 3679 369 3719 emtores
389 3660 456 3723 diei
472 3661 621 3725 tertiam.
667 3662 854 3743 Magnetes
877 3660 1063 3744 Anglicani
1090 3663 1336 3728 concesserunt

225 3730 324 3769 fifteenth

225 3790 332 3879 min
388 3760 463 3841 regi
505 3761 835 3842 quintumdecimum
870 3762 1059 3828 denarium.
1088 3782 1092 3789 ·
1127 3762 1337 3842 Lewelinus,

334 3856 340 3878 .

240 3880 330 3920 emor
388 3861 548 3942 princeps
575 3860 724 3938 Walliae‚
753 3861 793 3927 fit
813 3862 950 3926 rebellis
974 3863 1048 3944 regi
1074 3859 1222 3944 Angliae.
1277 3863 1338 3927 In-

252 3931 303 3977 ales,

225 3981 344 4078 ffirm-
388 3959 533 4024 hibitum
554 3970 616 4042 ,est
633 3960 657 4024 J
662 3962 778 4038 udaeiS,
804 3982 866 4043 per
888 3968 998 4026 totum
1025 3982 1167 4044 regnum
1188 3961 1337 4044 Angliae,
1400 4024 1403 4029 .

223 4080 431 4123 irenaeusne
457 4060 649 4125 decaetero
682 4062 861 4142 pecuniam
884 4082 983 4126 suam
1011 4060 1115 4127 alicui
1140 4061 1263 4127 darent
1291 4064 1336 4127 ad

223 4130 340 4179 mm
388 4179 539 4236 usuram,
567 4160 625 4224 sed
653 4161 807 4226 viverent
831 4163 1032 4227 mercaturis
1056 4162 1139 4239 suis,
1164 4151 1276 4244 legem
1300 4163 1336 4227 in
