2918 4866
354 388 546 442 umanuru
571 386 852 444 wraoamrusrs.
1016 368 1082 444 283

59 531 63 539 ’
131 551 369 633 episcopatum
398 549 672 629 Lincolnensem,
705 550 933 632 'extenditque
965 551 1083 617 ‘visita-

131 652 260 715 tionem
286 671 396 734 usque
421 650 463 715 ad
487 652 689 717 Passionem
709 651 851 715 Domini
868 648 905 736 [7
928 649 1029 738 Ape]
1047 653 1083 716 in

132 772 223 816 anuo
249 753 493 834 subsequente.
547 751 616 815 Illa
638 770 720 833 pars
742 751 897 816 ecclesiae
925 750 960 817 S.
987 751 1085 817 Petri

134 851 270 927 Romae,
303 851 361 914 uhi
389 850 456 914 suit
478 850 589 915 altare
613 849 866 934 Apostolorum
890 871 966 914 cum
996 871 1085 936 prae-

133 951 245 1033 cipuis
276 959 312 1015 et
343 949 590 1034 principalibus
620 971 740 1016 eorum
769 951 940 1028 iconibus,
968 953 1084 1016 subito

134 1052 264 1115 corruit
288 1057 323 1114 et
346 1051 532 1132 inopinate.
590 1050 700 1134 Hugo
727 1052 770 1115 de
801 1051 997 1130 Luziniato,
1021 1071 1085 1116 rex
1097 1071 1164 1121 aaa
1173 1071 1200 1110 a

1097 1123 1164 1172 Luelg
1165 1132 1206 1161 nau

136 1149 255 1235 Cypri,
267 1171 345 1215 cum
358 1150 429 1214 filio
445 1170 509 1214 suo
527 1157 562 1215 et
579 1150 657 1218 aliis
672 1150 877 1233 quibusdam
895 1152 937 1215 de
954 1150 1085 1217 familia
1097 1123 1197 1223 madata
1207 1173 1234 1222 a,

134 1269 210 1328 sua,
241 1271 303 1334 per
335 1250 459 1315 fratres
492 1251 625 1317 militiae
659 1251 797 1334 Templi
836 1271 968 1316 veneno
1003 1260 1084 1318 sunt
1097 1223 1207 1324 {lirim

136 1351 291 1415 extincti
341 1351 384 1415 Iu
406 1351 552 1415 ecclesia
575 1352 686 1415 beatae
710 1351 834 1415 Mariae
857 1352 900 1416 de
922 1349 1218 1417 Arcubusuurmor

138 1450 340 1528 Londoniae,
378 1450 517 1534 quidam
558 1451 600 1515 de
636 1450 836 1527 londoniis,
874 1452 1084 1517 Laurentius
1098 1427 1241 1517 didllnii*

137 1551 264 1627 dictus,
295 1571 358 1634 per
381 1550 548 1634 quosdam
575 1551 738 1634 malignae
770 1552 896 1615 mentis
928 1551 1085 1617 homines
1099 1527 1193 1568 L⁰¹¹⁶⁰¹¹

135 1650 177 1715 de
199 1652 341 1716 civitate
361 1650 562 1734 supradicta
588 1652 802 1729 vulneratus,
824 1651 1057 1735 demumque
1048 1674 1085 1717 m

137 1752 236 1816 trahe
259 1751 413 1816 ecclesiae
435 1751 561 1834 laqueo
584 1759 638 1816 est
654 1769 868 1835 suspensus:
891 1771 995 1834 super
1017 1773 1086 1837 quo

138 1872 199 1916 rex
219 1852 357 1935 Angliae
372 1872 441 1916 non
464 1852 637 1916 modicum
651 1852 889 1929 conturbatus
906 1855 1086 1934 quosdam,

140 1953 251 2016 minus
280 1960 396 2017 tamen
430 1959 591 2016 nocentes
623 1953 681 2017 sed
711 1952 849 2016 minime
881 1952 1087 2037 locupletes

138 2053 236 2134 equis
264 2051 421 2130 distrahi,
447 2053 587 2117 tandem
614 2052 739 2135 laqueo
760 2052 869 2136 jussit
899 2055 1085 2136 suspendi3

139 2153 354 2217 nocentiores
366 2173 459 2230 vero,
470 2154 531 2219 sed
547 2153 801 2236 locupletiores,
812 2173 918 2237 poena
929 2155 1089 2220 mulctari

140 2253 273 2318 censuit
306 2253 530 2335 pecuniaria.1
596 2254 767 2319 Dominus
800 2274 864 2319 rex
901 2255 1090 2321 celebravit

141 2351 270 2417 Natale
286 2353 425 2418 Domini
443 2355 642 2420 Bristolliae.

191 2453 359 2531 Carolus,
363 2472 426 2517 rex
438 2453 577 2532 Siciliae,
589 2455 681 2537 apud
695 2453 1088 2538 BarlectuminApulia,
1115 2478 1142 2517 a.
1146 2477 1174 2517 n.
1185 2478 1241 2516 nm

141 2554 263 2635 vigilia
289 2553 494 2637 Epiphaniae
516 2553 554 2639 [5
568 2554 591 2619 J
596 2575 651 2618 an
654 2552 668 2640 ]
686 2555 767 2619 vitae
792 2555 975 2619 terminum
997 2554 1088 2620 fecit.
1101 2545 1253 2646 fflgssffy’ssgss

143 2653 230 2718 Post
260 2654 360 2738 cujus
396 2654 587 2731 decessum,
626 2654 733 2718 Siculi
768 2654 923 2718 foventes
955 2661 1088 2736 partem
1102 2680 1211 2782 &sapsa

142 2753 239 2819 Petri
276 2754 319 2817 de
352 2751 525 2836 Arragan,
563 2755 635 2837 qui,
676 2754 780 2817 etiam
822 2754 960 2819 vivente
996 2734 1136 2819 dicto⁸⁰

143 2852 281 2930 Oarolo,
314 2853 469 2935 regimen
501 2854 629 2918 Siciliae
656 2861 778 2918 contra
807 2854 988 2918 ecclesiam
1018 2854 1090 2919 Ro·

137 2971 278 3017 manam
318 2955 515 3036 occupavit,
547 2959 704 3018 tenentes
750 2954 785 3017 in
826 2954 984 3018 custodia
1026 2972 1090 3019 sua

141 3053 316 3128 Carolum,
347 3054 539 3136 principem
570 3054 613 3118 de
646 3052 681 3117 la
714 3053 847 3131 Moree,
880 3054 964 3119 dicti
997 3056 1089 3136 regis

142 3153 261 3230 tilium,
288 3154 337 3217 in'
354 3174 481 3235 guerra
508 3156 553 3223 ab
583 3152 712 3218 eisdem
743 3160 896 3236 captum,
922 3173 1000 3218 cum
1028 3154 1093 3218 tri·

142 3254 270 3337 umpho
294 3253 469 3319 redierunt
497 3255 541 3318 ad
565 3254 716 3337 propria.
768 3253 791 3318 J
795 3254 961 3332 ohannes,
986 3253 1091 3320 cant-

142 3355 311 3419 uariensis
340 3355 635 3440 archiepiscopus,
655 3355 894 3438 episcopatum
917 3354 1091 3420 Eliensem

141 3455 357 3532 visitaturus,
390 3456 426 3519 in
459 3457 536 3539 ipso
569 3454 700 3519 Eliensi
734 3455 942 3519 monasterio
973 3475 1092 3520 omnes

142 3554 291 3638 majores
316 3557 448 3620 amovit
472 3553 767 3631 obedientiarios,2
783 3555 896 3637 priore
918 3555 1093 3620 duntaxat

188 3705 195 3736 ¹
232 3707 413 3771 Pecuniam]
466 3706 605 3757 anreuce
631 3707 732 3770 stapla!
758 3708 806 3756 See
824 3707 965 3770 Croniques
979 3709 1012 3758 de
1030 3709 1096 3758 Lon-

140 3778 247 3828 Ducket
257 3779 317 3840 had,
325 3779 346 3826 it
356 3777 606 3839 appears,w0unded
631 3779 691 3840 don,
711 3793 739 3839 p.
752 3781 792 3841 18,
814 3778 864 3827 and
886 3779 938 3829 Mr.
957 3779 1096 3841 Aungier'e

141 3847 444 3898 anothercitizennamed
452 3848 607 3910 RnlphCro-
631 3853 697 3897 note.

140 3921 195 3982 pin,
205 3919 256 3967 and
267 3919 317 3966 fled
328 3918 406 3967 tothe
418 3917 514 3967 church
526 3918 554 3966 of
569 3919 607 3968 St.
666 3914 678 3948 ¹
697 3917 910 3982 Obedientierica]
936 3919 990 3966 The
1009 3918 1096 3969 ohedi-

140 3989 340 4051 Marylc-Bow,
359 3989 433 4037 ‘into
455 3988 498 4036 the
521 3988 607 4037 which
632 3989 755 4038 entiarius
767 4003 822 4036 was
839 4003 856 4037 a
872 3993 923 4037 sort
933 3989 962 4036 of
975 3990 1096 4036 monastic

140 4057 448 4109 churchcenteredinthc
460 4058 608 4120 nighttyme
633 4073 766 4119 overseer3
784 4057 823 4106 for
841 4059 883 4106 the
900 4058 1052 4120 particulare
1070 4057 1098 4108 oi

141 4136 258 4192 certeyne
270 4130 335 4178 evell
347 4143 451 4190 persona
468 4129 519 4178 and
530 4129 608 4178 slewe
633 4128 674 4177 his
691 4128 819 4178 structione
836 4143 877 4179 see
890 4129 934 4178 Du
947 4127 1044 4190 Gange,
1053 4128 1097 4177 aad

141 4201 184 4249 the
197 4201 260 4261 seyd
273 4201 410 4250 Laurence
426 4200 511 4263 lieuge
527 4201 554 4249 in
566 4199 609 4248 the
634 4214 697 4248 ecce.
