2918 4866
339 399 562 479 'rnonnnrn
587 397 868 450 wrconnrnnsrs.
1031 384 1096 449 273

147 552 386 621 cisterciensis
411 559 455 622 ad
470 560 577 624 vitam
605 559 816 642 migraverat
841 559 1095 638 heremeticam,

145 661 249 720 aetate
278 659 495 722 centenarius
520 666 555 723 et
581 659 686 737 ultra,
717 659 752 722 in
782 660 936 725 crastino
963 660 1094 724 Trans-

146 754 285 821 lationis
311 759 346 823 S.
363 759 508 822 Martini
539 753 579 847 [5
595 751 700 846 Ju1.]‚
725 760 817 842 apud
842 760 1037 837 Perusium‚
1060 762 1095 824 in

146 873 316 921 summum
354 858 551 942 pontificem
589 865 642 922 est
681 860 835 934 electns;
877 869 958 924 ante
996 860 1095 943 cujus

147 956 348 1022 electionem
388 965 574 1024 vacaverat
617 959 716 1024 sedes
761 960 952 1042 apostolica
995 960 1095 1024 anuis

149 1049 349 1147 [duobus],¹
381 1060 555 1124 mensibus
586 1059 707 1135 tribus,
731 1067 767 1123 et
798 1060 919 1123 diebus
950 1079 1094 1138 novem;

147 1155 328 1240 dictusque
358 1168 410 1223 est
449 1159 660 1224 Coelestinus
695 1158 739 1224 V.
792 1158 864 1237 Qui
901 1159 1010 1241 pridie
1048 1160 1094 1222 id.

146 1255 357 1339 Septembris
389 1253 451 1347 [12
466 1254 582 1349 Sept]
617 1265 851 1335 consecratus,
885 1258 1096 1322 sollemniter

147 1364 200 1421 est
216 1357 480 1423 inthronizatus.
534 1358 660 1422 Fames
683 1366 719 1422 et
739 1359 858 1442 inopia
880 1359 1094 1441 praegrandis
1107 1380 1245 1420 staminea

146 1475 207 1537 per
236 1465 346 1523 totam
366 1457 543 1540 Angliam.
598 1457 821 1536 Quarterium
848 1478 996 1541 namque
1022 1460 1094 1522 fru·
1108 1431 1213 1481 E³⁸¹⁸¹¹⁶'

147 1559 266 1632 menti,
296 1559 387 1640 quod
411 1560 473 1622 vix
497 1571 531 1623 et
555 1557 738 1622 difficulter
769 1559 1020 1634 inveniebatur,
1050 1561 1092 1623 ad

147 1671 254 1719 xxiv.
288 1658 388 1722 solid.
422 1680 482 1742 per
514 1659 632 1740 aliqua
664 1659 742 1722 loca
767 1659 1000 1737 vendebatur;
1033 1660 1094 1722 sed

147 1762 181 1819 et
207 1759 334 1821 mensis
360 1757 512 1839 Augusti
539 1778 618 1823 cum
646 1758 841 1841 Septembri
864 1760 1094 1841 subsequente

146 1856 180 1918 in
228 1864 298 1921 tam
346 1859 511 1923 imbribus
550 1859 723 1924 continuis
760 1859 917 1923 madidus
955 1858 1021 1922 suit
1059 1868 1094 1924 et

146 1957 338 2038 pluviosus,
363 1959 452 2042 quod
483 1980 591 2042 usque
621 1959 665 2023 ad
695 1958 821 2023 festum
851 1959 886 2022 S.
911 1958 1093 2023 Michaelis

149 2051 211 2144 [29
226 2054 341 2148 Sept]
383 2079 504 2143 parum
545 2068 605 2123 aut
645 2058 730 2122 nihil
771 2058 813 2121 de
852 2076 943 2122 novo
983 2078 1092 2140 grano

147 2159 261 2238 potuit
301 2161 454 2243 reperiri.
518 2159 598 2223 Rex
636 2156 774 2240 Angliae
812 2160 991 2222 universas
1032 2178 1092 2241 per
1106 2181 1213 2222 newarca

1106 2233 1215 2272 exactione

146 2263 253 2321 totam
290 2258 455 2341 Angliam
496 2259 733 2342 religiosorum
773 2258 892 2323 domos
932 2258 1093 2340 capitulis
1105 2282 1159 2341 nam
1169 2282 1206 2321 nu

146 2360 383 2424 transmarinis
413 2359 599 2443 subjectas,
614 2379 689 2423 cum
719 2378 836 2423 eorum
861 2359 963 2423 bonis
985 2358 1092 2422 unde·
1105 2332 1255 2422 wom-

146 2477 279 2541 cnnque
302 2459 583 2543 provenientibus
598 2459 633 2521 in
650 2479 753 2523 manu
770 2479 834 2523 sua
849 2460 962 2541 cepit:
988 2466 1093 2541 atque

146 2561 331 2623 earundem
371 2579 456 2624 cura
492 2559 659 2623 ministris
702 2569 736 2624 et
774 2559 975 2623 custodibus
1021 2560 1094 2622 suis

144 2661 394 2736 commendata,
436 2659 606 2740 religiosis
645 2679 706 2742 per
741 2661 837 2742 ipsas
880 2659 998 2722 domos
1035 2659 1092 2721 de·

145 2760 305 2837 gentihus
320 2768 448 2824 certam
471 2759 652 2824 constituit
671 2779 856 2823 annonam.
895 2756 1093 2835 Quodnam

145 2860 438 2939 superabundavit
455 2860 651 2942 sumptibus
665 2878 737 2923 suae
751 2877 885 2940 guerrae
901 2857 1091 2940 deputavit.

145 2955 391 3023 cistercienses
418 2967 536 3024 tamen
563 2978 667 3042 super
691 2958 753 3021 hoc
781 2976 849 3021 non
880 2956 1092 3034 sollicitavit,

145 3055 430 3123 cluniacensibus
454 3059 592 3142 quidem
615 3057 1008 3122 Praemonstratensihns
1031 3065 1093 3120 aut

145 3156 221 3220 aliis
264 3160 527 3242 quibuscunque
568 3178 634 3222 non
674 3158 839 3241 pepercit,
873 3157 933 3219 sed
974 3156 1090 3220 eorum

143 3256 242 3321 bonis
274 3259 390 3323 taliter
416 3259 628 3335 confiscatis,
655 3259 690 3320 in
721 3257 873 3321 tristitia*
895 3274 955 3319 eos
976 3257 1093 3318 vivere

144 3358 321 3440 compulit,
345 3366 502 3440 egestate
525 3365 561 3423 et
583 3377 742 3422 moerore.
799 3355 948 3440 Insuper
974 3375 1093 3420 omnes

142 3459 326 3538 pensiones
364 3478 507 3536 annuas,
545 3459 618 3522 suis
655 3455 903 3540 principalibus
936 3456 1093 3520 domibus

142 3559 321 3621 annuatim
363 3559 508 3635 debitaS,
550 3558 593 3621 ad
625 3578 726 3622 suum
758 3556 958 3620 thesaurum
986 3556 1093 3639 jussit

140 3656 328 3738 deportari.
383 3658 482 3722 Idem
520 3678 585 3722 rex
622 3658 852 3742 parlamento,
893 3656 947 3720 die
984 3663 1019 3719 et
1057 3656 1094 3718 in
1106 3678 1256 3768 {gfff‘ffnd'

141 3758 294 3822 crastino
312 3758 348 3821 S.
366 3757 550 3822 Michaelis
569 3759 640 3840 [29,
656 3758 700 3822 30
716 3753 844 3840 Sept.],
867 3756 960 3839 apud
975 3754 1095 3820 West-
1106 3778 1231 3818 inerma-

1107 3840 1161 3868 nuer
1171 3829 1226 3866 from

140 3858 387 3921 monasterium
427 3858 556 3931 habito,
598 3866 672 3921 tum
709 3856 880 3941 precibus,
918 3863 992 3918 tum
1032 3873 1228 3926 ‹rx-tneeiem.

139 3955 409 4034 hortationibus,
427 3965 501 4021 tum
524 3958 630 4022 etiam
653 3956 981 4022 comminationibus
1004 3972 1098 4036 prac-¹

177 4186 184 4215 ¹
203 4188 325 4252 Duohrrs]
344 4187 444 4236 Erased
454 4188 481 4236 in
492 4187 549 4237 MS.
610 4183 614 4254 Ι
661 4181 671 4210 ⁹
692 4184 838 4247 Quoddam]
850 4185 893 4232 Sic
906 4183 963 4232 MS.

190 4307 275 4352 ΊὉΜ.
296 4306 333 4351 ΙΙ.
922 4301 944 4345 Τ
