2918 4866
536 400 709 448 ranuncu.
1023 383 1097 448 xvii

144 561 282 644 quidem
303 581 454 644 unguem
470 562 631 640 discessi;
656 581 725 644 quo
741 561 870 625 factum
886 568 937 626 est
954 568 992 624 ut
1009 581 1095 626 non·

145 682 320 745 nunquam
344 675 487 728 coactus
508 663 630 726 fuerim
656 662 773 744 aliqua
795 681 918 725 manca
941 669 976 726 et
992 662 1096 726 muti-

142 760 217 826 lata
232 763 438 845 relinquere,
455 783 533 828 cum
556 763 689 827 nullum
712 761 805 826 aliud
824 762 961 826 adesset
977 782 1093 826 exem-

142 862 220 943 plar
238 864 330 945 quod
347 865 448 928 istius
465 865 607 928 lacunas
623 863 785 947 supplere
801 869 928 944 posset.
975 861 1093 945 Hujus

142 963 269 1044 operis,
293 970 332 1027 ut
354 971 436 1027 ante
462 963 548 1041 dixi,
565 972 687 1028 auctor
709 964 775 1026 suit
801 962 1012 1038 FlorentiuS,
1036 982 1094 1026 ec-

141 1062 256 1126 clesiae
285 1062 492 1127 cathedralis
520 1063 712 1145 Wigorniae
736 1062 935 1140 monachus,
959 1063 1018 1144 qui
1041 1062 1092 1126 hi-

141 1163 284 1227 storiam
308 1183 409 1228 suam
427 1164 471 1228 ab
491 1163 590 1228 initio
607 1163 725 1227 mundi
745 1162 789 1226 ad
812 1182 941 1227 annum
957 1171 1092 1245 apartu

142 1259 300 1344 Virginis
328 1281 496 1328 ucxvnl.
525 1263 681 1340 deduxit,
713 1263 749 1326 in
780 1282 848 1345 quo
883 1263 993 1327 uitam
1021 1283 1092 1327 una

142 1379 220 1423 cum
237 1381 341 1445 opere
357 1365 478 1439 finivit,
497 1363 589 1447 quod
606 1362 685 1427 inde
701 1370 823 1445 postea
842 1363 885 1426 ab
904 1363 973 1425 alio
996 1362 1090 1445 ejus-

141 1460 218 1523 dem
251 1464 398 1527 coenobii
433 1465 519 1541 viro,
549 1482 733 1546 anonymo,
758 1464 935 1546 usquead
963 1482 1092 1528 annum

141 1577 282 1626 ucxm.
305 1563 371 1627 fuit
395 1565 656 1628 continuatum:
684 1571 815 1646 quanto
838 1583 921 1628 vero
946 1562 1091 1629 ulterius

141 1678 182 1723 ac
199 1670 317 1728 nostro
330 1662 457 1727 saeculo
478 1663 624 1727 vicinius
640 1663 701 1727 illa
716 1682 754 1726 se
769 1662 934 1727 extendat
946 1662 1092 1728 historia

140 1760 291 1826 incertus
313 1783 403 1839 sum,
421 1770 606 1846 propterea
623 1763 715 1846 quod
739 1763 876 1826 libellus
898 1763 990 1826 unde
1008 1782 1089 1827 con·

141 1859 342 1926 tinuationis
360 1863 453 1926 illius
474 1883 556 1947 pars
574 1863 778 1939 desumitur,
800 1862 894 1926 aliud
919 1869 972 1927 est
996 1863 1088 1946 ejus-

140 1960 218 2024 dem
251 1964 404 2027 auctoris
435 1983 536 2046 opuS,
568 1963 630 2028 sed
662 1963 901 2046 imperfectum
933 1963 969 2026 in
1001 1963 1088 2028 line:

140 2080 243 2142 quem
270 2062 425 2127 libellum
454 2063 539 2128 mihi
567 2064 732 2127 utendum
762 2062 905 2126 tradidit
930 2063 1088 2128 domiuus

141 2159 335 2226 Gulielmus
360 2163 588 2240 Lambardus,
612 2164 713 2247 cujus
736 2162 936 2245 multiplicis
962 2171 997 2227 et
1020 2183 1089 2228 non

139 2261 294 2344 vulgaris
321 2264 524 2328 eruditionis
556 2265 685 2346 passim
710 2268 832 2341 extant
858 2262 1089 2344 pulcherrima

139 2362 350 2428 testimonia.
417 2363 520 2442 Quod
551 2364 662 2428 solum
699 2369 821 2440 restat,
853 2361 1012 2427 hortarer
1041 2369 1089 2442 te,

139 2463 249 2526 amice
285 2463 406 2541 lector,
438 2464 504 2527 nisi
534 2482 575 2527 eo
611 2472 646 2527 te
677 2462 818 2528 duceret
847 2472 981 2526 naturae
1019 2468 1089 2528 tuae

138 2563 279 2641 candor,
311 2571 351 2627 ut
373 2571 500 2640 errata,
523 2583 601 2646 quae
623 2564 714 2627 inter
743 2562 983 2627 excudendum
1005 2563 1090 2628 irre-

138 2672 294 2745 pserunt,
312 2663 428 2728 studio
450 2671 485 2727 et
510 2664 633 2728 ardore
659 2683 735 2728 meo
750 2662 908 2746 placendi
923 2664 986 2727 tibi
1009 2681 1089 2726 con·

138 2762 256 2828 dones.
309 2764 413 2843 Quod
430 2764 460 2826 si
476 2763 610 2840 feceris,
628 2764 784 2845 sumptui
801 2782 842 2826 ac
859 2781 973 2844 operae
991 2780 1087 2840 meae,

138 2863 168 2925 si
192 2882 271 2945 quae
286 2864 363 2941 fuit,
384 2863 520 2928 abunde
544 2864 762 2929 satisfacies:
787 2869 823 2926 et
847 2861 934 2924 alios
957 2861 1089 2944 pariter

136 2962 309 3041 incitabis,
333 2971 373 3028 ut
400 2964 573 3048 majorum
598 2973 793 3028 nostrorum
816 2961 1087 3037 lucubrationes,

137 3064 288 3127 tenebris
323 3053 494 3142 obductis,
532 3084 678 3147 quarum
712 3062 935 3145 quamplures
972 3059 1086 3124 adbuc

137 3171 270 3240 extant,
287 3163 331 3227 ad
356 3164 530 3246 publicam
552 3167 669 3246 potius
685 3163 871 3227 utilitatem
894 3161 1085 3243 divulgent,

137 3281 240 3344 quam
256 3263 300 3326 ad
316 3282 415 3327 suam
431 3264 647 3345 voluptatem
663 3264 729 3328 sibi
746 3264 934 3328 detineant.
981 3259 1082 3333 Vale,

137 3360 281 3427 Caleud.
298 3363 392 3444 Aug.
409 3380 569 3428 M.uxc11.

349 3761 622 3828 RANULPHI
651 3761 874 3827 HIGDENI

283 3921 322 3963 Du
342 3922 503 3964 FLORENTIO
524 3922 720 3965 w1oonrt1uusr
740 3922 948 3963 uusrtuouluu.

185 4065 420 4131 RANULPHUS
444 4067 654 4143 H1cuaNUS‚
670 4067 859 4131 monachus
879 4065 1087 4141 Castrensis,

134 4165 169 4230 in
193 4185 258 4230 suo
275 4166 531 4246 Policbronico,
551 4168 610 4232 lib.
627 4185 704 4245 vn,
720 4169 769 4232 sic
792 4166 906 4231 habet.
960 4164 1087 4229 ‘Anno
