<?xml version="1.0" encoding="UTF-8"?>
<!DOCTYPE html PUBLIC "-//W3C//DTD XHTML 1.0 Transitional//EN"
    "http://www.w3.org/TR/xhtml1/DTD/xhtml1-transitional.dtd">
<html xmlns="http://www.w3.org/1999/xhtml" xml:lang="en" lang="en">
 <head>
  <title>
</title>
<meta http-equiv="Content-Type" content="text/html;charset=utf-8" />
  <meta name='ocr-system' content='tesseract 3.04.00' />
  <meta name='ocr-capabilities' content='ocr_page ocr_carea ocr_par ocr_line ocrx_word'/>
</head>
<body>
  <div class='ocr_page' id='page_1' title='image "./florentiiwigorn02florgoog_0033.png"; bbox 0 0 2902 4852; ppageno 0'>
   <div class='ocr_carea' id='block_1_1' title="bbox 347 340 922 422">
    <p class='ocr_par' dir='ltr' id='par_1_1' title="bbox 347 340 922 422">
     <span class='ocr_line' id='line_1_1' title="bbox 347 340 922 422; baseline -0.007 0"><span class='ocrx_word' id='word_1_1' title='bbox 347 358 370 422; x_wconf 88' lang='grc'>6</span> <span class='ocrx_word' id='word_1_2' title='bbox 435 373 438 376; x_wconf 66' lang='grc'><strong><em>’</em></strong></span> <span class='ocrx_word' id='word_1_3' title='bbox 548 340 556 357; x_wconf 77' lang='grc'><em>“</em></span> <span class='ocrx_word' id='word_1_4' title='bbox 714 367 922 419; x_wconf 78' lang='lat' dir='ltr'><strong>orruoruoos</strong></span> 
     </span>
    </p>
   </div>
   <div class='ocr_carea' id='block_1_2' title="bbox 191 525 1302 2313">
    <p class='ocr_par' dir='ltr' id='par_1_2' title="bbox 191 525 1302 2313">
     <span class='ocr_line' id='line_1_2' title="bbox 348 525 1298 610; baseline -0.003 -16"><span class='ocrx_word' id='word_1_5' title='bbox 348 534 484 594; x_wconf 85' lang='lat' dir='ltr'><strong>scentes</strong></span> <span class='ocrx_word' id='word_1_6' title='bbox 508 527 672 605; x_wconf 90' lang='lat' dir='ltr'><strong>animum,</strong></span> <span class='ocrx_word' id='word_1_7' title='bbox 696 547 740 591; x_wconf 89' lang='lat' dir='ltr'><strong>ne</strong></span> <span class='ocrx_word' id='word_1_8' title='bbox 766 528 839 592; x_wconf 88' lang='lat' dir='ltr'><strong>suls</strong></span> <span class='ocrx_word' id='word_1_9' title='bbox 863 525 1050 592; x_wconf 83' lang='lat' dir='ltr'><strong>honoribus</strong></span> <span class='ocrx_word' id='word_1_10' title='bbox 1077 525 1298 610; x_wconf 77' lang='lat' dir='ltr'><strong>privarentur</strong></span> 
     </span>
     <span class='ocr_line' id='line_1_3' title="bbox 349 627 1298 709; baseline -0.002 -15"><span class='ocrx_word' id='word_1_11' title='bbox 349 631 522 707; x_wconf 84' lang='lat' dir='ltr'><strong>timerent,</strong></span> <span class='ocrx_word' id='word_1_12' title='bbox 540 629 756 693; x_wconf 88' lang='lat' dir='ltr'><strong>venerandus</strong></span> <span class='ocrx_word' id='word_1_13' title='bbox 777 628 831 692; x_wconf 88' lang='lat' dir='ltr'><strong>vir</strong></span> <span class='ocrx_word' id='word_1_14' title='bbox 855 628 1075 705; x_wconf 89' lang='lat' dir='ltr'><strong>Wulstanus,</strong></span> <span class='ocrx_word' id='word_1_15' title='bbox 1090 627 1298 709; x_wconf 80' lang='lat' dir='ltr'><strong>Wigoruen·</strong></span> 
     </span>
     <span class='ocr_line' id='line_1_4' title="bbox 351 727 1297 812; baseline -0.003 -18"><span class='ocrx_word' id='word_1_16' title='bbox 351 731 398 794; x_wconf 92' lang='lat' dir='ltr'><strong>sis</strong></span> <span class='ocrx_word' id='word_1_17' title='bbox 421 731 615 812; x_wconf 91' lang='lat' dir='ltr'><strong>episcopus,</strong></span> <span class='ocrx_word' id='word_1_18' title='bbox 639 728 874 811; x_wconf 89' lang='lat' dir='ltr'><strong>possessiones</strong></span> <span class='ocrx_word' id='word_1_19' title='bbox 901 727 1124 810; x_wconf 84' lang='lat' dir='ltr'><strong>quamplures</strong></span> <span class='ocrx_word' id='word_1_20' title='bbox 1146 729 1201 791; x_wconf 93' lang='lat' dir='ltr'><strong>sui</strong></span> <span class='ocrx_word' id='word_1_21' title='bbox 1224 728 1297 810; x_wconf 90' lang='lat' dir='ltr'><strong>epi-</strong></span> 
     </span>
     <span class='ocr_line' id='line_1_5' title="bbox 351 827 1298 914; baseline -0.002 -20"><span class='ocrx_word' id='word_1_22' title='bbox 351 839 516 914; x_wconf 90' lang='lat' dir='ltr'><strong>scopatus</strong></span> <span class='ocrx_word' id='word_1_23' title='bbox 538 831 582 894; x_wconf 83' lang='lat' dir='ltr'><strong>‘ab</strong></span> <span class='ocrx_word' id='word_1_24' title='bbox 604 827 757 894; x_wconf 86' lang='lat' dir='ltr'><strong>Aldredo</strong></span> <span class='ocrx_word' id='word_1_25' title='bbox 780 828 1051 910; x_wconf 84' lang='lat' dir='ltr'><strong>archiepiscopo,</strong></span> <span class='ocrx_word' id='word_1_26' title='bbox 1073 828 1155 891; x_wconf 91' lang='lat' dir='ltr'><strong>dum</strong></span> <span class='ocrx_word' id='word_1_27' title='bbox 1178 847 1200 893; x_wconf 92' lang='lat' dir='ltr'><strong>a</strong></span> <span class='ocrx_word' id='word_1_28' title='bbox 1223 828 1298 894; x_wconf 91' lang='lat' dir='ltr'><strong>Wi-</strong></span> 
     </span>
     <span class='ocr_line' id='line_1_6' title="bbox 352 928 1299 1013; baseline -0.004 -19"><span class='ocrx_word' id='word_1_29' title='bbox 352 929 514 1013; x_wconf 84' lang='lat' dir='ltr'><strong>gcrnensi</strong></span> <span class='ocrx_word' id='word_1_30' title='bbox 531 929 676 993; x_wconf 90' lang='lat' dir='ltr'><strong>ecclesia</strong></span> <span class='ocrx_word' id='word_1_31' title='bbox 698 929 742 993; x_wconf 90' lang='lat' dir='ltr'><strong>ad</strong></span> <span class='ocrx_word' id='word_1_32' title='bbox 766 929 1019 993; x_wconf 86' lang='lat' dir='ltr'><strong>Eboracensem</strong></span> <span class='ocrx_word' id='word_1_33' title='bbox 1042 928 1299 1006; x_wconf 66' lang='lat' dir='ltr'><strong>transientem,</strong></span> 
     </span>
     <span class='ocr_line' id='line_1_7' title="bbox 351 1027 1297 1113; baseline -0.001 -19"><span class='ocrx_word' id='word_1_34' title='bbox 351 1049 416 1094; x_wconf 90' lang='lat' dir='ltr'><strong>sua</strong></span> <span class='ocrx_word' id='word_1_35' title='bbox 440 1030 596 1113; x_wconf 86' lang='lat' dir='ltr'><strong>potentia</strong></span> <span class='ocrx_word' id='word_1_36' title='bbox 621 1036 786 1105; x_wconf 84' lang='lat' dir='ltr'><strong>retentas,</strong></span> <span class='ocrx_word' id='word_1_37' title='bbox 814 1049 893 1112; x_wconf 88' lang='lat' dir='ltr'><strong>quae</strong></span> <span class='ocrx_word' id='word_1_38' title='bbox 919 1047 961 1092; x_wconf 91' lang='lat' dir='ltr'><strong>eo</strong></span> <span class='ocrx_word' id='word_1_39' title='bbox 980 1036 1063 1092; x_wconf 90' lang='lat' dir='ltr'><strong>tunc</strong></span> <span class='ocrx_word' id='word_1_40' title='bbox 1080 1027 1244 1093; x_wconf 88' lang='lat' dir='ltr'><strong>defuncto</strong></span> <span class='ocrx_word' id='word_1_41' title='bbox 1260 1028 1297 1093; x_wconf 91' lang='lat' dir='ltr'><strong>in</strong></span> 
     </span>
     <span class='ocr_line' id='line_1_8' title="bbox 352 1129 1298 1212; baseline -0.002 -17"><span class='ocrx_word' id='word_1_42' title='bbox 352 1132 483 1212; x_wconf 82' lang='lat' dir='ltr'><strong>regiam</strong></span> <span class='ocrx_word' id='word_1_43' title='bbox 511 1135 720 1212; x_wconf 89' lang='lat' dir='ltr'><strong>potestatem</strong></span> <span class='ocrx_word' id='word_1_44' title='bbox 750 1129 972 1206; x_wconf 84' lang='lat' dir='ltr'><strong>devenerant,</strong></span> <span class='ocrx_word' id='word_1_45' title='bbox 998 1135 1196 1192; x_wconf 88' lang='lat' dir='ltr'><strong>constanter</strong></span> <span class='ocrx_word' id='word_1_46' title='bbox 1219 1148 1298 1210; x_wconf 91' lang='lat' dir='ltr'><strong>pro·</strong></span> 
     </span>
     <span class='ocr_line' id='line_1_9' title="bbox 353 1228 1298 1312; baseline -0.003 -17"><span class='ocrx_word' id='word_1_47' title='bbox 353 1232 538 1308; x_wconf 85' lang='lat' dir='ltr'><strong>clamabat,</strong></span> <span class='ocrx_word' id='word_1_48' title='bbox 556 1230 753 1311; x_wconf 85' lang='lat' dir='ltr'><strong>expetebat,</strong></span> <span class='ocrx_word' id='word_1_49' title='bbox 772 1229 1013 1312; x_wconf 86' lang='lat' dir='ltr'><strong>justitiamque</strong></span> <span class='ocrx_word' id='word_1_50' title='bbox 1035 1228 1114 1306; x_wconf 86' lang='lat' dir='ltr'><strong>iude</strong></span> <span class='ocrx_word' id='word_1_51' title='bbox 1132 1228 1207 1292; x_wconf 85' lang='lat' dir='ltr'><strong>fieri</strong></span> <span class='ocrx_word' id='word_1_52' title='bbox 1225 1235 1298 1292; x_wconf 89' lang='lat' dir='ltr'><strong>tam</strong></span> 
     </span>
     <span class='ocr_line' id='line_1_10' title="bbox 353 1329 1300 1414; baseline -0.002 -19"><span class='ocrx_word' id='word_1_53' title='bbox 353 1333 397 1395; x_wconf 83' lang='lat' dir='ltr'><strong>ab</strong></span> <span class='ocrx_word' id='word_1_54' title='bbox 429 1331 514 1414; x_wconf 90' lang='lat' dir='ltr'><strong>ipsis</strong></span> <span class='ocrx_word' id='word_1_55' title='bbox 547 1330 607 1412; x_wconf 91' lang='lat' dir='ltr'><strong>qui</strong></span> <span class='ocrx_word' id='word_1_56' title='bbox 638 1329 784 1394; x_wconf 92' lang='lat' dir='ltr'><strong>concilio</strong></span> <span class='ocrx_word' id='word_1_57' title='bbox 815 1336 1000 1411; x_wconf 87' lang='lat' dir='ltr'><strong>praeerant,</strong></span> <span class='ocrx_word' id='word_1_58' title='bbox 1030 1347 1132 1410; x_wconf 88' lang='lat' dir='ltr'><strong>quam</strong></span> <span class='ocrx_word' id='word_1_59' title='bbox 1165 1347 1187 1392; x_wconf 88' lang='lat' dir='ltr'><strong>a</strong></span> <span class='ocrx_word' id='word_1_60' title='bbox 1218 1349 1300 1411; x_wconf 83' lang='lat' dir='ltr'><strong>rege</strong></span> 
     </span>
     <span class='ocr_line' id='line_1_11' title="bbox 352 1427 1301 1512; baseline -0.001 -18"><span class='ocrx_word' id='word_1_61' title='bbox 352 1430 546 1511; x_wconf 84' lang='lat' dir='ltr'><strong>flagitabat.</strong></span> <span class='ocrx_word' id='word_1_62' title='bbox 607 1427 658 1494; x_wconf 88' lang='lat' dir='ltr'><strong>At</strong></span> <span class='ocrx_word' id='word_1_63' title='bbox 682 1430 764 1512; x_wconf 90' lang='lat' dir='ltr'><strong>quia</strong></span> <span class='ocrx_word' id='word_1_64' title='bbox 787 1429 1017 1494; x_wconf 87' lang='lat' dir='ltr'><strong>Eboracensis</strong></span> <span class='ocrx_word' id='word_1_65' title='bbox 1046 1428 1202 1505; x_wconf 88' lang='lat' dir='ltr'><strong>ecclesia,</strong></span> <span class='ocrx_word' id='word_1_66' title='bbox 1230 1449 1301 1493; x_wconf 91' lang='lat' dir='ltr'><strong>non</strong></span> 
     </span>
     <span class='ocr_line' id='line_1_12' title="bbox 353 1529 1302 1612; baseline -0.001 -17"><span class='ocrx_word' id='word_1_67' title='bbox 353 1531 484 1595; x_wconf 89' lang='lat' dir='ltr'><strong>habens</strong></span> <span class='ocrx_word' id='word_1_68' title='bbox 511 1537 686 1612; x_wconf 88' lang='lat' dir='ltr'><strong>pastorem</strong></span> <span class='ocrx_word' id='word_1_69' title='bbox 712 1530 772 1612; x_wconf 93' lang='lat' dir='ltr'><strong>qui</strong></span> <span class='ocrx_word' id='word_1_70' title='bbox 800 1550 863 1612; x_wconf 92' lang='lat' dir='ltr'><strong>pro</strong></span> <span class='ocrx_word' id='word_1_71' title='bbox 893 1549 934 1594; x_wconf 88' lang='lat' dir='ltr'><strong>ea</strong></span> <span class='ocrx_word' id='word_1_72' title='bbox 963 1529 1172 1612; x_wconf 90' lang='lat' dir='ltr'><strong>loqueretur,</strong></span> <span class='ocrx_word' id='word_1_73' title='bbox 1203 1536 1302 1595; x_wconf 89' lang='lat' dir='ltr'><strong>muta</strong></span> 
     </span>
     <span class='ocr_line' id='line_1_13' title="bbox 353 1629 1302 1715; baseline -0.001 -20"><span class='ocrx_word' id='word_1_74' title='bbox 353 1638 440 1709; x_wconf 89' lang='lat' dir='ltr'><strong>erat,</strong></span> <span class='ocrx_word' id='word_1_75' title='bbox 450 1631 646 1715; x_wconf 90' lang='lat' dir='ltr'><strong>judicatum</strong></span> <span class='ocrx_word' id='word_1_76' title='bbox 661 1638 713 1694; x_wconf 87' lang='lat' dir='ltr'><strong>est</strong></span> <span class='ocrx_word' id='word_1_77' title='bbox 730 1637 770 1695; x_wconf 92' lang='lat' dir='ltr'><strong>ut</strong></span> <span class='ocrx_word' id='word_1_78' title='bbox 791 1631 869 1712; x_wconf 91' lang='lat' dir='ltr'><strong>ipsa</strong></span> <span class='ocrx_word' id='word_1_79' title='bbox 884 1629 1024 1712; x_wconf 87' lang='lat' dir='ltr'><strong>querela</strong></span> <span class='ocrx_word' id='word_1_80' title='bbox 1043 1629 1093 1692; x_wconf 89' lang='lat' dir='ltr'><strong>sic</strong></span> <span class='ocrx_word' id='word_1_81' title='bbox 1109 1637 1302 1694; x_wconf 87' lang='lat' dir='ltr'><strong>remaneret</strong></span> 
     </span>
     <span class='ocr_line' id='line_1_14' title="bbox 353 1729 1301 1814; baseline 0 -20"><span class='ocrx_word' id='word_1_82' title='bbox 353 1751 546 1814; x_wconf 90' lang='lat' dir='ltr'><strong>quousque,</strong></span> <span class='ocrx_word' id='word_1_83' title='bbox 562 1730 821 1813; x_wconf 90' lang='lat' dir='ltr'><strong>archiepiscopo</strong></span> <span class='ocrx_word' id='word_1_84' title='bbox 841 1731 889 1794; x_wconf 92' lang='lat' dir='ltr'><strong>ibi</strong></span> <span class='ocrx_word' id='word_1_85' title='bbox 908 1731 1095 1794; x_wconf 91' lang='lat' dir='ltr'><strong>constituto</strong></span> <span class='ocrx_word' id='word_1_86' title='bbox 1110 1731 1169 1812; x_wconf 93' lang='lat' dir='ltr'><strong>qui</strong></span> <span class='ocrx_word' id='word_1_87' title='bbox 1191 1729 1301 1794; x_wconf 90' lang='lat' dir='ltr'><strong>eccle·</strong></span> 
     </span>
     <span class='ocr_line' id='line_1_15' title="bbox 354 1828 1301 1913; baseline -0.002 -17"><span class='ocrx_word' id='word_1_88' title='bbox 354 1833 439 1896; x_wconf 91' lang='lat' dir='ltr'><strong>siam</strong></span> <span class='ocrx_word' id='word_1_89' title='bbox 470 1831 679 1907; x_wconf 87' lang='lat' dir='ltr'><strong>defenderet,</strong></span> <span class='ocrx_word' id='word_1_90' title='bbox 712 1830 794 1893; x_wconf 91' lang='lat' dir='ltr'><strong>dum</strong></span> <span class='ocrx_word' id='word_1_91' title='bbox 829 1839 921 1895; x_wconf 90' lang='lat' dir='ltr'><strong>esset</strong></span> <span class='ocrx_word' id='word_1_92' title='bbox 954 1831 1014 1912; x_wconf 94' lang='lat' dir='ltr'><strong>qui</strong></span> <span class='ocrx_word' id='word_1_93' title='bbox 1046 1829 1122 1913; x_wconf 88' lang='lat' dir='ltr'><strong>ejus</strong></span> <span class='ocrx_word' id='word_1_94' title='bbox 1152 1828 1301 1912; x_wconf 87' lang='lat' dir='ltr'><strong>querelae</strong></span> 
     </span>
     <span class='ocr_line' id='line_1_16' title="bbox 354 1929 1300 2013; baseline 0 -18"><span class='ocrx_word' id='word_1_95' title='bbox 354 1931 589 2013; x_wconf 86' lang='lat' dir='ltr'><strong>responderet,</strong></span> <span class='ocrx_word' id='word_1_96' title='bbox 604 1950 650 1994; x_wconf 82' lang='lat' dir='ltr'><strong>ex</strong></span> <span class='ocrx_word' id='word_1_97' title='bbox 665 1929 811 2012; x_wconf 89' lang='lat' dir='ltr'><strong>objectis</strong></span> <span class='ocrx_word' id='word_1_98' title='bbox 838 1940 873 1994; x_wconf 90' lang='lat' dir='ltr'><strong>et</strong></span> <span class='ocrx_word' id='word_1_99' title='bbox 895 1930 1069 2012; x_wconf 86' lang='lat' dir='ltr'><strong>responsis</strong></span> <span class='ocrx_word' id='word_1_100' title='bbox 1088 1937 1207 2012; x_wconf 89' lang='lat' dir='ltr'><strong>posset</strong></span> <span class='ocrx_word' id='word_1_101' title='bbox 1228 1931 1300 1995; x_wconf 86' lang='lat' dir='ltr'><strong>evi·</strong></span> 
     </span>
     <span class='ocr_line' id='line_1_17' title="bbox 355 2028 1302 2114; baseline 0 -19"><span class='ocrx_word' id='word_1_102' title='bbox 355 2032 491 2095; x_wconf 91' lang='lat' dir='ltr'><strong>dentius</strong></span> <span class='ocrx_word' id='word_1_103' title='bbox 509 2050 550 2094; x_wconf 89' lang='lat' dir='ltr'><strong>ac</strong></span> <span class='ocrx_word' id='word_1_104' title='bbox 563 2030 694 2114; x_wconf 89' lang='lat' dir='ltr'><strong>justius</strong></span> <span class='ocrx_word' id='word_1_105' title='bbox 704 2028 874 2113; x_wconf 89' lang='lat' dir='ltr'><strong>judicium</strong></span> <span class='ocrx_word' id='word_1_106' title='bbox 889 2029 973 2094; x_wconf 90' lang='lat' dir='ltr'><strong>fieri.</strong></span> <span class='ocrx_word' id='word_1_107' title='bbox 1018 2030 1144 2113; x_wconf 91' lang='lat' dir='ltr'><strong>Sicque</strong></span> <span class='ocrx_word' id='word_1_108' title='bbox 1159 2036 1242 2095; x_wconf 89' lang='lat' dir='ltr'><strong>tunc</strong></span> <span class='ocrx_word' id='word_1_109' title='bbox 1259 2049 1302 2095; x_wconf 89' lang='lat' dir='ltr'><strong>ea</strong></span> 
     </span>
     <span class='ocr_line' id='line_1_18' title="bbox 192 2130 1300 2214; baseline -0.002 -17"><span class='ocrx_word' id='word_1_110' title='bbox 192 2157 285 2197; x_wconf 69' lang='lat' dir='ltr'><strong>nomn</strong></span> <span class='ocrx_word' id='word_1_111' title='bbox 355 2130 498 2214; x_wconf 87' lang='lat' dir='ltr'><strong>querela</strong></span> <span class='ocrx_word' id='word_1_112' title='bbox 512 2130 556 2194; x_wconf 91' lang='lat' dir='ltr'><strong>ad</strong></span> <span class='ocrx_word' id='word_1_113' title='bbox 573 2136 711 2212; x_wconf 88' lang='lat' dir='ltr'><strong>tempus</strong></span> <span class='ocrx_word' id='word_1_114' title='bbox 726 2130 902 2195; x_wconf 88' lang='lat' dir='ltr'><strong>remansit.</strong></span> <span class='ocrx_word' id='word_1_115' title='bbox 955 2130 1022 2194; x_wconf 89' lang='lat' dir='ltr'><strong>Die</strong></span> <span class='ocrx_word' id='word_1_116' title='bbox 1041 2140 1157 2194; x_wconf 88' lang='lat' dir='ltr'><strong>autem</strong></span> <span class='ocrx_word' id='word_1_117' title='bbox 1173 2130 1300 2195; x_wconf 88' lang='lat' dir='ltr'><strong>Pente·</strong></span> 
     </span>
     <span class='ocr_line' id='line_1_19' title="bbox 191 2207 1301 2313; baseline -0.001 -16"><span class='ocrx_word' id='word_1_118' title='bbox 191 2207 292 2306; x_wconf 53' lang='lat' dir='ltr'><strong>iffi</strong></span> <span class='ocrx_word' id='word_1_119' title='bbox 355 2238 468 2295; x_wconf 83' lang='lat' dir='ltr'><strong>costes</strong></span> <span class='ocrx_word' id='word_1_120' title='bbox 494 2230 554 2312; x_wconf 72' lang='lat'><strong>[23</strong></span> <span class='ocrx_word' id='word_1_121' title='bbox 582 2228 686 2312; x_wconf 90' lang='lat' dir='ltr'><strong>Maii]</strong></span> <span class='ocrx_word' id='word_1_122' title='bbox 713 2250 778 2294; x_wconf 82' lang='lat' dir='ltr'><strong>rex</strong></span> <span class='ocrx_word' id='word_1_123' title='bbox 804 2231 896 2313; x_wconf 86' lang='lat' dir='ltr'><strong>apud</strong></span> <span class='ocrx_word' id='word_1_124' title='bbox 923 2230 1166 2295; x_wconf 88' lang='lat' dir='ltr'><strong>Windesoram</strong></span> <span class='ocrx_word' id='word_1_125' title='bbox 1197 2251 1301 2296; x_wconf 91' lang='lat' dir='ltr'><strong>vene·</strong></span> 
     </span>
    </p>
   </div>
   <div class='ocr_carea' id='block_1_3' title="bbox 192 2306 1301 2404">
    <p class='ocr_par' dir='ltr' id='par_1_3' title="bbox 192 2306 1301 2404">
     <span class='ocr_line' id='line_1_20' title="bbox 192 2306 1301 2404; baseline 0 -8"><span class='ocrx_word' id='word_1_126' title='bbox 192 2306 464 2404; x_wconf 63' lang='lat' dir='ltr'><strong>lilitll⁰franu0</strong></span> <span class='ocrx_word' id='word_1_127' title='bbox 491 2330 675 2395; x_wconf 88' lang='lat' dir='ltr'><strong>Baiocensi</strong></span> <span class='ocrx_word' id='word_1_128' title='bbox 697 2331 873 2396; x_wconf 51' lang='lat' dir='ltr'><strong>¹canonico</strong></span> <span class='ocrx_word' id='word_1_129' title='bbox 901 2330 1046 2396; x_wconf 81' lang='lat' dir='ltr'><strong>Thomae</strong></span> <span class='ocrx_word' id='word_1_130' title='bbox 1072 2330 1301 2396; x_wconf 86' lang='lat' dir='ltr'><strong>Eboracensis</strong></span> 
     </span>
    </p>
   </div>
   <div class='ocr_carea' id='block_1_4' title="bbox 192 2408 1304 3019">
    <p class='ocr_par' dir='ltr' id='par_1_4' title="bbox 192 2408 1304 3019">
     <span class='ocr_line' id='line_1_21' title="bbox 192 2408 1301 2514; baseline 0 -18"><span class='ocrx_word' id='word_1_131' title='bbox 192 2408 325 2507; x_wconf 64' lang='lat' dir='ltr'><strong>lillltll.</strong></span> <span class='ocrx_word' id='word_1_132' title='bbox 356 2430 511 2496; x_wconf 86' lang='lat' dir='ltr'><strong>ecclesiae</strong></span> <span class='ocrx_word' id='word_1_133' title='bbox 548 2429 891 2514; x_wconf 86' lang='lat' dir='ltr'><strong>archiepiscopatum,</strong></span> <span class='ocrx_word' id='word_1_134' title='bbox 930 2438 966 2496; x_wconf 91' lang='lat' dir='ltr'><strong>et</strong></span> <span class='ocrx_word' id='word_1_135' title='bbox 1002 2431 1197 2497; x_wconf 85' lang='lat' dir='ltr'><strong>Walceliuo</strong></span> <span class='ocrx_word' id='word_1_136' title='bbox 1237 2451 1301 2497; x_wconf 92' lang='lat' dir='ltr'><strong>suo</strong></span> 
     </span>
     <span class='ocr_line' id='line_1_22' title="bbox 194 2509 1303 2615; baseline 0.001 -19"><span class='ocrx_word' id='word_1_137' title='bbox 194 2509 283 2548; x_wconf 50' lang='grc' dir='ltr'><strong>Μ’</strong></span> <span class='ocrx_word' id='word_1_138' title='bbox 355 2530 535 2614; x_wconf 87' lang='lat' dir='ltr'><strong>capellano</strong></span> <span class='ocrx_word' id='word_1_139' title='bbox 563 2530 814 2597; x_wconf 84' lang='lat' dir='ltr'><strong>wintoniensis</strong></span> <span class='ocrx_word' id='word_1_140' title='bbox 838 2531 993 2598; x_wconf 88' lang='lat' dir='ltr'><strong>ecclesiae</strong></span> <span class='ocrx_word' id='word_1_141' title='bbox 1021 2532 1115 2596; x_wconf 90' lang='lat' dir='ltr'><strong>dedit</strong></span> <span class='ocrx_word' id='word_1_142' title='bbox 1137 2532 1303 2615; x_wconf 86' lang='lat' dir='ltr'><strong>praesula-</strong></span> 
     </span>
     <span class='ocr_line' id='line_1_23' title="bbox 355 2630 1303 2715; baseline 0.001 -19"><span class='ocrx_word' id='word_1_143' title='bbox 355 2639 456 2712; x_wconf 84' lang='lat' dir='ltr'><strong>tum3</strong></span> <span class='ocrx_word' id='word_1_144' title='bbox 488 2631 589 2715; x_wconf 90' lang='lat' dir='ltr'><strong>cujus</strong></span> <span class='ocrx_word' id='word_1_145' title='bbox 613 2630 716 2714; x_wconf 91' lang='lat' dir='ltr'><strong>jussu</strong></span> <span class='ocrx_word' id='word_1_146' title='bbox 746 2652 830 2698; x_wconf 87' lang='lat' dir='ltr'><strong>mox</strong></span> <span class='ocrx_word' id='word_1_147' title='bbox 860 2633 896 2696; x_wconf 91' lang='lat' dir='ltr'><strong>in</strong></span> <span class='ocrx_word' id='word_1_148' title='bbox 931 2633 1080 2698; x_wconf 89' lang='lat' dir='ltr'><strong>crastino</strong></span> <span class='ocrx_word' id='word_1_149' title='bbox 1115 2633 1303 2714; x_wconf 88' lang='lat' dir='ltr'><strong>praedictus</strong></span> 
     </span>
     <span class='ocr_line' id='line_1_24' title="bbox 356 2731 1304 2817; baseline 0.002 -21"><span class='ocrx_word' id='word_1_150' title='bbox 356 2731 565 2796; x_wconf 89' lang='lat' dir='ltr'><strong>Sedunensis</strong></span> <span class='ocrx_word' id='word_1_151' title='bbox 589 2732 771 2815; x_wconf 90' lang='lat' dir='ltr'><strong>episcopus</strong></span> <span class='ocrx_word' id='word_1_152' title='bbox 795 2732 1034 2798; x_wconf 87' lang='lat' dir='ltr'><strong>Armenfridus</strong></span> <span class='ocrx_word' id='word_1_153' title='bbox 1056 2734 1226 2817; x_wconf 85' lang='lat' dir='ltr'><strong>synodum</strong></span> <span class='ocrx_word' id='word_1_154' title='bbox 1253 2741 1304 2799; x_wconf 91' lang='lat' dir='ltr'><strong>te-</strong></span> 
     </span>
     <span class='ocr_line' id='line_1_25' title="bbox 356 2832 1304 2917; baseline 0.002 -21"><span class='ocrx_word' id='word_1_155' title='bbox 356 2834 444 2910; x_wconf 90' lang='lat' dir='ltr'><strong>nuit,</strong></span> <span class='ocrx_word' id='word_1_156' title='bbox 474 2832 635 2898; x_wconf 87' lang='lat' dir='ltr'><strong>Johanue</strong></span> <span class='ocrx_word' id='word_1_157' title='bbox 672 2840 708 2898; x_wconf 88' lang='lat' dir='ltr'><strong>et</strong></span> <span class='ocrx_word' id='word_1_158' title='bbox 741 2833 848 2899; x_wconf 91' lang='lat' dir='ltr'><strong>Petro</strong></span> <span class='ocrx_word' id='word_1_159' title='bbox 883 2835 1038 2917; x_wconf 85' lang='lat' dir='ltr'><strong>praelatis</strong></span> <span class='ocrx_word' id='word_1_160' title='bbox 1072 2834 1304 2899; x_wconf 84' lang='lat' dir='ltr'><strong>cardinalibus</strong></span> 
     </span>
     <span class='ocr_line' id='line_1_26' title="bbox 192 2932 1300 3019; baseline -0.002 -19"><span class='ocrx_word' id='word_1_161' title='bbox 192 2959 327 3009; x_wconf 70' lang='lat' dir='ltr'><strong>mgemeup.</strong></span> <span class='ocrx_word' id='word_1_162' title='bbox 358 2934 508 2999; x_wconf 85' lang='lat' dir='ltr'><strong>Romam</strong></span> <span class='ocrx_word' id='word_1_163' title='bbox 545 2934 703 2998; x_wconf 87' lang='lat' dir='ltr'><strong>reversis.</strong></span> <span class='ocrx_word' id='word_1_164' title='bbox 766 2933 809 2997; x_wconf 97' lang='lat' dir='ltr'><strong>In</strong></span> <span class='ocrx_word' id='word_1_165' title='bbox 842 2953 912 3016; x_wconf 85' lang='lat' dir='ltr'><strong>qua</strong></span> <span class='ocrx_word' id='word_1_166' title='bbox 939 2935 1072 3019; x_wconf 88' lang='lat' dir='ltr'><strong>synodo</strong></span> <span class='ocrx_word' id='word_1_167' title='bbox 1099 2932 1300 3017; x_wconf 82' lang='lat' dir='ltr'><strong>Agelricus¹</strong></span> 
     </span>
    </p>
   </div>
   <div class='ocr_carea' id='block_1_5' title="bbox 192 3011 1305 3118">
    <p class='ocr_par' dir='ltr' id='par_1_5' title="bbox 192 3011 1305 3118">
     <span class='ocr_line' id='line_1_27' title="bbox 192 3011 1305 3118; baseline 0 -18"><span class='ocrx_word' id='word_1_168' title='bbox 192 3011 281 3110; x_wconf 55' lang='lat' dir='ltr'><strong>{bill</strong></span> <span class='ocrx_word' id='word_1_169' title='bbox 294 3011 644 3100; x_wconf 56' lang='lat' dir='ltr'><strong>riis&#39;rSuthhaxonum</strong></span> <span class='ocrx_word' id='word_1_170' title='bbox 666 3033 825 3117; x_wconf 85' lang='lat' dir='ltr'><strong>pontifex</strong></span> <span class='ocrx_word' id='word_1_171' title='bbox 854 3054 922 3098; x_wconf 91' lang='lat' dir='ltr'><strong>non</strong></span> <span class='ocrx_word' id='word_1_172' title='bbox 948 3036 1111 3100; x_wconf 89' lang='lat' dir='ltr'><strong>canonice</strong></span> <span class='ocrx_word' id='word_1_173' title='bbox 1137 3035 1305 3118; x_wconf 84' lang='lat' dir='ltr'><strong>degrada·</strong></span> 
     </span>
    </p>
   </div>
   <div class='ocr_carea' id='block_1_6' title="bbox 193 3112 1305 3804">
    <p class='ocr_par' dir='ltr' id='par_1_6' title="bbox 193 3112 1305 3804">
     <span class='ocr_line' id='line_1_28' title="bbox 193 3112 1303 3220; baseline -0.002 -19"><span class='ocrx_word' id='word_1_174' title='bbox 193 3112 343 3220; x_wconf 53' lang='lat' dir='ltr'><strong>ffiiliiei,</strong></span> <span class='ocrx_word' id='word_1_175' title='bbox 357 3142 426 3211; x_wconf 89' lang='lat' dir='ltr'><strong>tur,</strong></span> <span class='ocrx_word' id='word_1_176' title='bbox 456 3154 558 3217; x_wconf 92' lang='lat' dir='ltr'><strong>quem</strong></span> <span class='ocrx_word' id='word_1_177' title='bbox 584 3154 647 3198; x_wconf 86' lang='lat' dir='ltr'><strong>rex</strong></span> <span class='ocrx_word' id='word_1_178' title='bbox 677 3134 751 3198; x_wconf 90' lang='lat' dir='ltr'><strong>sine</strong></span> <span class='ocrx_word' id='word_1_179' title='bbox 781 3135 885 3216; x_wconf 90' lang='lat' dir='ltr'><strong>culpa</strong></span> <span class='ocrx_word' id='word_1_180' title='bbox 910 3154 993 3199; x_wconf 85' lang='lat' dir='ltr'><strong>mox</strong></span> <span class='ocrx_word' id='word_1_181' title='bbox 1019 3136 1112 3217; x_wconf 89' lang='lat' dir='ltr'><strong>apud</strong></span> <span class='ocrx_word' id='word_1_182' title='bbox 1138 3136 1303 3202; x_wconf 81' lang='lat' dir='ltr'><strong>Mearles</strong></span> 
     </span>
     <span class='ocr_line' id='line_1_29' title="bbox 193 3212 1303 3319; baseline -0.002 -18"><span class='ocrx_word' id='word_1_183' title='bbox 193 3212 332 3311; x_wconf 59' lang='lat' dir='ltr'><strong>iiieiiiiffnd</strong></span> <span class='ocrx_word' id='word_1_184' title='bbox 357 3235 482 3316; x_wconf 81' lang='lat' dir='ltr'><strong>baurge</strong></span> <span class='ocrx_word' id='word_1_185' title='bbox 499 3235 535 3297; x_wconf 91' lang='lat' dir='ltr'><strong>in</strong></span> <span class='ocrx_word' id='word_1_186' title='bbox 555 3235 713 3299; x_wconf 86' lang='lat' dir='ltr'><strong>custodia</strong></span> <span class='ocrx_word' id='word_1_187' title='bbox 728 3235 863 3317; x_wconf 88' lang='lat' dir='ltr'><strong>posuit:</strong></span> <span class='ocrx_word' id='word_1_188' title='bbox 887 3236 1030 3299; x_wconf 86' lang='lat' dir='ltr'><strong>abbates</strong></span> <span class='ocrx_word' id='word_1_189' title='bbox 1053 3237 1158 3300; x_wconf 87' lang='lat' dir='ltr'><strong>etiam</strong></span> <span class='ocrx_word' id='word_1_190' title='bbox 1182 3255 1303 3319; x_wconf 86' lang='lat' dir='ltr'><strong>quam-</strong></span> 
     </span>
     <span class='ocr_line' id='line_1_30' title="bbox 355 3333 1301 3419; baseline 0.002 -21"><span class='ocrx_word' id='word_1_191' title='bbox 355 3335 472 3416; x_wconf 88' lang='lat' dir='ltr'><strong>plures</strong></span> <span class='ocrx_word' id='word_1_192' title='bbox 496 3342 580 3400; x_wconf 88' lang='lat' dir='ltr'><strong>sunt</strong></span> <span class='ocrx_word' id='word_1_193' title='bbox 608 3333 799 3417; x_wconf 86' lang='lat' dir='ltr'><strong>degradati.</strong></span> <span class='ocrx_word' id='word_1_194' title='bbox 852 3333 988 3414; x_wconf 84' lang='lat' dir='ltr'><strong>Quibus</strong></span> <span class='ocrx_word' id='word_1_195' title='bbox 1012 3336 1223 3419; x_wconf 87' lang='lat' dir='ltr'><strong>degradatis,</strong></span> <span class='ocrx_word' id='word_1_196' title='bbox 1240 3356 1301 3401; x_wconf 86' lang='lat' dir='ltr'><strong>rex</strong></span> 
     </span>
     <span class='ocr_line' id='line_1_31' title="bbox 356 3432 1304 3519; baseline 0.003 -21"><span class='ocrx_word' id='word_1_197' title='bbox 356 3436 429 3499; x_wconf 89' lang='lat' dir='ltr'><strong>suis</strong></span> <span class='ocrx_word' id='word_1_198' title='bbox 456 3434 656 3517; x_wconf 72' lang='lat' dir='ltr'><strong>capellanis</strong></span> <span class='ocrx_word' id='word_1_199' title='bbox 683 3432 826 3501; x_wconf 83' lang='lat' dir='ltr'><strong>Arsasto</strong></span> <span class='ocrx_word' id='word_1_200' title='bbox 849 3434 1158 3519; x_wconf 79' lang='lat' dir='ltr'><strong>East-Anglorum,</strong></span> <span class='ocrx_word' id='word_1_201' title='bbox 1176 3443 1211 3501; x_wconf 86' lang='lat' dir='ltr'><strong>et</strong></span> <span class='ocrx_word' id='word_1_202' title='bbox 1233 3436 1304 3501; x_wconf 91' lang='lat' dir='ltr'><strong>Sti-</strong></span> 
     </span>
     <span class='ocr_line' id='line_1_32' title="bbox 357 3534 1302 3620; baseline 0.003 -22"><span class='ocrx_word' id='word_1_203' title='bbox 357 3536 473 3616; x_wconf 82' lang='lat' dir='ltr'><strong>gando</strong></span> <span class='ocrx_word' id='word_1_204' title='bbox 506 3534 793 3601; x_wconf 87' lang='lat' dir='ltr'><strong>Suth-Saxonum</strong></span> <span class='ocrx_word' id='word_1_205' title='bbox 827 3536 921 3601; x_wconf 89' lang='lat' dir='ltr'><strong>dedit</strong></span> <span class='ocrx_word' id='word_1_206' title='bbox 950 3537 1211 3620; x_wconf 67' lang='lat' dir='ltr'><strong>episcopatum</strong></span> <span class='ocrx_word' id='word_1_207' title='bbox 1242 3538 1302 3619; x_wconf 92' lang='lat' dir='ltr'><strong>qui</strong></span> 
     </span>
     <span class='ocr_line' id='line_1_33' title="bbox 358 3629 1304 3716; baseline 0.002 -16"><span class='ocrx_word' id='word_1_208' title='bbox 358 3629 549 3716; x_wconf 83' lang='lat' dir='ltr'><strong>Stigandus</strong></span> <span class='ocrx_word' id='word_1_209' title='bbox 566 3636 715 3700; x_wconf 87' lang='lat' dir='ltr'><strong>mutarit</strong></span> <span class='ocrx_word' id='word_1_210' title='bbox 729 3636 845 3700; x_wconf 90' lang='lat' dir='ltr'><strong>sedem</strong></span> <span class='ocrx_word' id='word_1_211' title='bbox 868 3637 904 3702; x_wconf 93' lang='lat' dir='ltr'><strong>in</strong></span> <span class='ocrx_word' id='word_1_212' title='bbox 920 3637 1121 3715; x_wconf 87' lang='lat' dir='ltr'><strong>Cicestram,</strong></span> <span class='ocrx_word' id='word_1_213' title='bbox 1146 3638 1304 3702; x_wconf 89' lang='lat' dir='ltr'><strong>dioecesis</strong></span> 
     </span>
     <span class='ocr_line' id='line_1_34' title="bbox 357 3735 1305 3804; baseline 0.003 -6"><span class='ocrx_word' id='word_1_214' title='bbox 357 3753 431 3798; x_wconf 88' lang='lat' dir='ltr'><strong>suae</strong></span> <span class='ocrx_word' id='word_1_215' title='bbox 468 3735 665 3801; x_wconf 86' lang='lat' dir='ltr'><strong>civitatem:</strong></span> <span class='ocrx_word' id='word_1_216' title='bbox 704 3737 876 3802; x_wconf 89' lang='lat' dir='ltr'><strong>nonnullis</strong></span> <span class='ocrx_word' id='word_1_217' title='bbox 914 3738 1020 3802; x_wconf 91' lang='lat' dir='ltr'><strong>etiam</strong></span> <span class='ocrx_word' id='word_1_218' title='bbox 1059 3738 1305 3804; x_wconf 87' lang='lat' dir='ltr'><strong>Normannicis</strong></span> 
     </span>
    </p>
   </div>
   <div class='ocr_carea' id='block_1_7' title="bbox 358 3835 1305 3922">
    <p class='ocr_par' dir='ltr' id='par_1_7' title="bbox 358 3835 1305 3922">
     <span class='ocr_line' id='line_1_35' title="bbox 358 3835 1305 3922; baseline 0.005 -25"><span class='ocrx_word' id='word_1_219' title='bbox 358 3835 536 3900; x_wconf 90' lang='lat' dir='ltr'><strong>monachis</strong></span> <span class='ocrx_word' id='word_1_220' title='bbox 563 3836 658 3902; x_wconf 89' lang='lat' dir='ltr'><strong>dedit</strong></span> <span class='ocrx_word' id='word_1_221' title='bbox 679 3836 849 3901; x_wconf 88' lang='lat' dir='ltr'><strong>abbatias.</strong></span> <span class='ocrx_word' id='word_1_222' title='bbox 910 3839 956 3903; x_wconf 88' lang='lat' dir='ltr'><strong>Et</strong></span> <span class='ocrx_word' id='word_1_223' title='bbox 979 3841 1062 3922; x_wconf 90' lang='lat' dir='ltr'><strong>quia</strong></span> <span class='ocrx_word' id='word_1_224' title='bbox 1077 3839 1305 3904; x_wconf 84' lang='lat' dir='ltr'><strong>Doruheruiae</strong></span> 
     </span>
    </p>
   </div>
   <div class='ocr_carea' id='block_1_8' title="bbox 355 4028 1305 4236">
    <p class='ocr_par' dir='ltr' id='par_1_8' title="bbox 355 4028 1305 4236">
     <span class='ocr_line' id='line_1_36' title="bbox 392 4028 1304 4093; baseline -0.001 -14"><span class='ocrx_word' id='word_1_225' title='bbox 392 4029 569 4093; x_wconf 79' lang='lat' dir='ltr'><strong>&#39;Agelricua.]</strong></span> <span class='ocrx_word' id='word_1_226' title='bbox 594 4030 645 4079; x_wconf 88' lang='lat' dir='ltr'><strong>His</strong></span> <span class='ocrx_word' id='word_1_227' title='bbox 664 4045 738 4079; x_wconf 87' lang='lat' dir='ltr'><strong>name</strong></span> <span class='ocrx_word' id='word_1_228' title='bbox 756 4031 817 4079; x_wconf 86' lang='lat' dir='ltr'><strong>does</strong></span> <span class='ocrx_word' id='word_1_229' title='bbox 843 4033 917 4080; x_wconf 75' lang='lat'>1057.</span> <span class='ocrx_word' id='word_1_230' title='bbox 961 4031 1009 4080; x_wconf 90' lang='lat' dir='ltr'><strong>See</strong></span> <span class='ocrx_word' id='word_1_231' title='bbox 1020 4031 1069 4082; x_wconf 85' lang='lat' dir='ltr'><strong>vol.</strong></span> <span class='ocrx_word' id='word_1_232' title='bbox 1081 4043 1099 4079; x_wconf 92' lang='lat'><strong>1.</strong></span> <span class='ocrx_word' id='word_1_233' title='bbox 1112 4045 1139 4091; x_wconf 85' lang='lat' dir='ltr'><strong>p.</strong></span> <span class='ocrx_word' id='word_1_234' title='bbox 1151 4031 1209 4078; x_wconf 77' lang='lat'>214.</span> <span class='ocrx_word' id='word_1_235' title='bbox 1252 4028 1304 4078; x_wconf 88' lang='lat' dir='ltr'><strong>His</strong></span> 
     </span>
     <span class='ocr_line' id='line_1_37' title="bbox 357 4099 1304 4166; baseline -0.002 -17"><span class='ocrx_word' id='word_1_236' title='bbox 357 4105 401 4149; x_wconf 91' lang='lat' dir='ltr'><strong>not</strong></span> <span class='ocrx_word' id='word_1_237' title='bbox 411 4115 508 4162; x_wconf 87' lang='lat' dir='ltr'><strong>appear</strong></span> <span class='ocrx_word' id='word_1_238' title='bbox 523 4102 549 4149; x_wconf 93' lang='lat' dir='ltr'><strong>in</strong></span> <span class='ocrx_word' id='word_1_239' title='bbox 564 4101 607 4150; x_wconf 91' lang='lat' dir='ltr'><strong>the</strong></span> <span class='ocrx_word' id='word_1_240' title='bbox 624 4101 668 4149; x_wconf 91' lang='lat' dir='ltr'><strong>list</strong></span> <span class='ocrx_word' id='word_1_241' title='bbox 685 4099 747 4166; x_wconf 87' lang='lat' dir='ltr'><strong>(vol.</strong></span> <span class='ocrx_word' id='word_1_242' title='bbox 760 4114 778 4150; x_wconf 92' lang='lat'><strong>1.</strong></span> <span class='ocrx_word' id='word_1_243' title='bbox 791 4116 817 4162; x_wconf 90' lang='lat' dir='ltr'><strong>p.</strong></span> <span class='ocrx_word' id='word_1_244' title='bbox 843 4116 975 4151; x_wconf 88' lang='lat' dir='ltr'><strong>successor</strong></span> <span class='ocrx_word' id='word_1_245' title='bbox 996 4101 1102 4162; x_wconf 81' lang='lat' dir='ltr'><strong>Stigand</strong></span> <span class='ocrx_word' id='word_1_246' title='bbox 1124 4103 1192 4148; x_wconf 88' lang='lat' dir='ltr'><strong>must</strong></span> <span class='ocrx_word' id='word_1_247' title='bbox 1208 4103 1251 4148; x_wconf 90' lang='lat' dir='ltr'><strong>not</strong></span> <span class='ocrx_word' id='word_1_248' title='bbox 1272 4100 1304 4148; x_wconf 88' lang='lat' dir='ltr'><strong>be</strong></span> 
     </span>
     <span class='ocr_line' id='line_1_38' title="bbox 355 4168 1305 4236; baseline 0.002 -18"><span class='ocrx_word' id='word_1_249' title='bbox 355 4169 426 4236; x_wconf 76' lang='lat'><strong>234),</strong></span> <span class='ocrx_word' id='word_1_250' title='bbox 442 4171 488 4220; x_wconf 92' lang='lat' dir='ltr'><strong>but</strong></span> <span class='ocrx_word' id='word_1_251' title='bbox 504 4171 535 4220; x_wconf 88' lang='lat' dir='ltr'><strong>he</strong></span> <span class='ocrx_word' id='word_1_252' title='bbox 547 4171 687 4221; x_wconf 85' lang='lat' dir='ltr'><strong>succeeded</strong></span> <span class='ocrx_word' id='word_1_253' title='bbox 703 4171 778 4222; x_wconf 85' lang='lat' dir='ltr'><strong>Heca</strong></span> <span class='ocrx_word' id='word_1_254' title='bbox 791 4173 818 4221; x_wconf 90' lang='lat' dir='ltr'><strong>in</strong></span> <span class='ocrx_word' id='word_1_255' title='bbox 842 4172 1001 4222; x_wconf 84' lang='lat' dir='ltr'><strong>coufounded</strong></span> <span class='ocrx_word' id='word_1_256' title='bbox 1012 4170 1075 4221; x_wconf 87' lang='lat' dir='ltr'><strong>with</strong></span> <span class='ocrx_word' id='word_1_257' title='bbox 1086 4170 1128 4220; x_wconf 91' lang='lat' dir='ltr'><strong>the</strong></span> <span class='ocrx_word' id='word_1_258' title='bbox 1144 4168 1305 4231; x_wconf 83' lang='lat' dir='ltr'><strong>archbishop.</strong></span> 
     </span>
    </p>
   </div>
   <div class='ocr_carea' id='block_1_9' title="bbox 0 0 1470 4852">
    <p class='ocr_par' dir='ltr' id='par_1_9' title="bbox 0 0 1470 4852">
     <span class='ocr_line' id='line_1_39' title="bbox 0 0 1470 4852; baseline 0 0"><span class='ocrx_word' id='word_1_259' title='bbox 0 0 1470 4852; x_wconf 95' lang='lat' dir='ltr'><strong> </strong></span> 
     </span>
    </p>
   </div>
  </div>
 </body>
</html>
