2918 4866
398 382 591 431 rnoaunrn
619 383 897 432 wrcouurnums·
1080 369 1124 432 69

173 537 312 620 Angliae
329 539 518 605 Heinricus
538 541 745 624 particulam
765 541 807 604 de
832 549 925 606 terra
944 543 1123 624 patrissui

172 640 204 702 ei
219 639 294 704 dari
303 640 424 706 noluit.
477 641 671 706 Conventio
686 643 891 724 optimatum
904 649 939 706 et
955 643 1121 707 baronum
1132 657 1285 748 ffffiss„

92 813 97 822 ⁵
172 740 279 804 totius
312 741 450 823 Angliae
481 742 573 824 apud
606 741 852 824 Seleshyriam,
868 759 945 806 xlv.
980 741 1117 807 kalend.
1133 760 1252 808 humarent

172 838 305 921 Aprilis
339 839 399 927 [19
425 842 543 920 Mar.],
577 842 669 907 facta
698 850 761 918 est,
790 843 910 925 quiin
936 845 1121 924 praesentia
1133 811 1248 859 samm

171 941 263 1022 regis
302 941 460 1007 Heinrici
498 942 696 1024 homagium
736 943 808 1006 lilio
847 962 911 1006 suo
944 943 1119 1008 Willelmo

171 1039 338 1119 fecerunt,
364 1051 400 1106 et
424 1043 624 1107 fidelitatem
650 1044 681 1106 ei
702 1043 921 1126 juraverunt.
986 1043 1120 1110 Habita
1132 1059 1257 1100 Dissenuton

1132 1112 1226 1150 between

172 1148 228 1205 est
246 1140 295 1206 ibi
314 1161 420 1206 causa
441 1143 484 1206 de
504 1143 658 1225 querela,
676 1163 754 1225 quae
776 1143 866 1207 inter
890 1142 1120 1226 archiepisco·
1134 1161 1286 1210 sorbens

1131 1212 1261 1261 canterbury

172 1261 254 1322 pum
271 1240 564 1308 Cantwariensem
582 1242 771 1307 Radulfum
787 1250 823 1308 et
842 1243 989 1307 electum
1005 1247 1119 1327 ponti·
1132 1262 1250 1301 ardubur-

172 1341 271 1405 ficem
303 1342 556 1407 Eboracensem
586 1344 824 1408 Thurstanum
853 1364 916 1426 per
947 1344 1120 1427 integrum
1132 1314 1236 1402 iiiirfbp'
1246 1313 1270 1352 ⁰¹

172 1460 302 1506 annum
332 1450 473 1507 versata
505 1442 630 1508 fuerat.
684 1443 755 1508 Hic
786 1444 928 1521 electus,
961 1465 1039 1508 cum
1075 1448 1119 1510 ab

171 1541 249 1624 ipso
276 1543 439 1625 pontifice
458 1550 665 1622 moneretur,
685 1552 725 1608 ut
748 1544 903 1608 ecclesiae
927 1543 1120 1610 Gantwari·

171 1643 245 1705 ensi
261 1642 392 1708 faceret
407 1644 501 1728 quod
514 1645 673 1722 debebat,
689 1653 724 1708 et
740 1645 1010 1709 benedictionem
1021 1656 1120 1710 suam

171 1742 406 1824 ecclesiastico
434 1765 529 1809 more
555 1745 758 1828 susciperet,
783 1744 982 1827 respondit:
1018 1747 1119 1810 bene-

172 1842 357 1909 dictionem
376 1844 515 1934 quidem
530 1866 567 1909 se
581 1845 729 1909 libenter
749 1845 925 1928 suscipere
942 1845 1042 1919 velle,
1059 1847 1120 1911 sed

171 1944 419 2026 professionem
434 1965 538 2028 qnam
553 1946 716 2028 exigebat
731 1946 827 2009 nulla
847 1947 982 2010 ratione
1007 1947 1119 2010 sactu·

172 2064 260 2110 rum.
314 2044 393 2110 Rex
412 2054 528 2111 autern
547 2046 747 2121 Heinricus‚
764 2045 822 2109 ubi
837 2047 988 2110 advertit
1009 2047 1121 2122 Thur,-
1158 2121 1160 2125 Α

171 2152 313 2210 stanum
322 2147 357 2210 in
372 2167 437 2211 sua
448 2147 644 2229 pervicacia
655 2154 761 2224 stare,
775 2154 896 2230 aperte
906 2154 1121 2229 protestatus

174 2251 228 2309 est
244 2245 356 2324 illum,
376 2255 438 2312 aut
458 2267 588 2312 morem
604 2255 860 2312 antecessorum
877 2267 1031 2324 suorum,
1049 2256 1120 2311 tarn

172 2344 208 2408 in
223 2347 437 2427 professione
452 2348 621 2425 facienda,
636 2367 741 2432 quam
756 2354 791 2411 et
813 2349 849 2411 in
865 2348 943 2411 aliis
959 2349 1120 2429 dignitati

172 2447 327 2512 ecclesiae
361 2447 632 2514 Cantwariensis
666 2468 712 2512 ex
743 2449 886 2531 antiquo
917 2449 998 2533 jure
1030 2469 1121 2512 com·

172 2549 383 2628 petentibus,
408 2558 649 2630 executurum,
673 2555 735 2613 aut
760 2550 963 2630 episcopatu
989 2548 1121 2613 Ebora·

172 2649 266 2712 censi
284 2637 362 2712 cum
380 2650 617 2714 bencdictione
632 2648 789 2718 funditus
806 2650 1006 2735 cariturum.
1053 2649 1121 2713 His
1186 2656 1188 2661 '

174 2747 316 2827 auditiS,
338 2750 397 2814 ille
417 2750 473 2815 sui
492 2750 607 2814 cordis
630 2749 774 2814 consilio
799 2749 1121 2833 impraemeditatius

172 2847 327 2926 credens,
352 2851 564 2915 renuntiavit
591 2849 821 2934 pontificatui,
849 2849 1021 2932 spondens
1048 2850 1122 2931 regi

172 2954 208 3013 et
225 2949 486 3036 archiepiscopo
501 2971 539 3016 se
556 2951 637 3014 dum
657 2952 790 3016 viveret
806 2950 903 3013 illurn
925 2969 994 3013 non
1015 2950 1122 3014 recla-

172 3056 358 3128 maturum,
373 3071 436 3116 nec
453 3051 607 3134 aliquam
622 3052 830 3116 calumniam
843 3050 923 3114 inde
937 3057 1121 3127 moturum,

167 3150 625 3235 ,quicunquesubstitutus1
666 3151 799 3215 fuisset.
874 3150 1018 3215 Owinus
1057 3171 1120 3215 rex
1134 3164 1261 3256 ppvepptpr

173 3249 400 3316 Walanorum
417 3253 605 3318 occiditur:
630 3259 665 3316 et
684 3272 748 3315 rex
770 3249 961 3332 Anglorum
980 3249 1123 3316 Heinri·
1134 3267 1197 3308 uon·

173 3368 235 3413 cus
267 3370 362 3416 mare
388 3353 538 3431 transiit,
564 3352 754 3417 comitante
780 3371 897 3415 secum
923 3351 1122 3417 Thurstano

172 3450 283 3525 electo
302 3452 514 3538 Eboracensi
534 3452 807 3536 archiepiscopo,
830 3460 993 3534 sperante
1010 3463 1051 3515 'se
1068 3471 1122 3516 re·
1158 3517 1160 3519 ,

173 3551 378 3617 vestituram
397 3554 451 3617 sui
469 3553 691 3636 pontificatus
711 3558 1008 3634 recuperaturum,
1025 3560 1060 3616 et
1077 3572 1123 3616 ex

174 3652 270 3732 regio
281 3651 384 3736 jussu
401 3654 675 3740 benedictionem
699 3654 743 3716 ah
767 3652 1028 3735 archiepiscopo
1050 3652 1124 3715 sine

174 3753 358 3818 exactione
375 3753 599 3837 professionis
610 3750 827 3836 adepturum.
861 3752 963 3817 Circa
973 3772 1125 3817 mensem
1137 3767 1287 3857 pepgpppfwm

175 3849 328 3934 Augusti
377 3873 537 3919 reversus
586 3874 608 3919 a
653 3853 768 3917 Roma
819 3851 1018 3931 Anselmus,
1067 3872 1126 3935 qur
1137 3868 1239 3968 3⁸33?

174 3951 318 4033 pallium
356 3955 618 4039 archiepiscopo
658 3953 868 4018 Cantwariae
910 3954 1025 4019 Roma
1067 3953 1125 4017 de-

361 4171 369 4203 ¹
387 4172 915 4239 smm1smmm.n.ea0re.
