2918 4866
392 373 478 438 xviii
780 390 952 438 rnnrncn.

391 548 530 612 Domini
549 565 721 614 moxvnl.
741 550 827 614 obiit
849 551 1008 614 dominus
1032 550 1243 627 Florentius,
1262 549 1338 614 Wi-

389 650 522 730 gorniae
539 648 740 727 monachus,
755 649 855 733 cujus
870 650 1007 715 literato
1021 650 1141 715 labore
1151 649 1339 732 plurimum

388 749 541 814 adaucta
556 758 610 814 est
626 751 696 815 ista
713 750 884 815 historia'

715 1148 827 1214 JOH.
855 1147 1006 1213 BALEI

668 1308 706 1348 DE
727 1308 824 1349 EODEM
845 1309 1056 1352 rusrmouluu.

566 1424 618 1488 [Ex
631 1425 696 1473 libro
707 1425 739 1472 de
750 1424 833 1486 Scrip.
844 1426 912 1488 Ang.
925 1425 989 1475 Cen·
1000 1429 1025 1488 2,
1036 1439 1093 1486 cap.
1105 1423 1159 1487 66.]

439 1550 638 1615 Florentius
655 1550 845 1628 Bavonius,
861 1549 1114 1631 Wigorniensis
1135 1546 1337 1623 monachus,

387 1649 488 1715 homo
506 1659 654 1734 utraque
673 1650 869 1733 disciplina,
885 1648 1037 1713 humana
1060 1658 1094 1713 et
1117 1649 1244 1722 divina,
1261 1649 1335 1731 opi-

386 1769 470 1835 pare
490 1752 669 1834 praedituS,
689 1750 879 1814 maximum
898 1750 961 1813 sibi
979 1769 1025 1813 ox
1042 1749 1143 1812 editis
1158 1749 1335 1830 opusculis

386 1850 552 1915 doctrinae
577 1851 802 1933 comparabat
828 1869 964 1914 nomen.
1018 1848 1202 1930 Ingenium
1228 1848 1334 1931 plane

386 1950 519 2028 habuit,
535 1951 579 2015 ad
602 1951 845 2034 quodcumque
859 1949 1010 2026 volebat,
1026 1957 1185 2032 apertum
1203 1955 1239 2012 et
1252 1968 1334 2012 con-

385 2052 555 2133 spicuum,
592 2050 793 2114 memoriam
832 2048 1047 2132 splendidam
1087 2069 1128 2112 ac
1174 2048 1333 2115 soelicem.

362 2183 363 2187 =
384 2150 473 2213 Tam
501 2151 649 2232 ingenue
675 2169 697 2214 a
720 2148 847 2213 teneris
874 2150 972 2213 annis
998 2149 1179 2213 institutus
1196 2149 1273 2226 fuit,
1298 2157 1335 2214 et

384 2249 435 2314 ita
465 2250 508 2313 ad
545 2251 632 2314 bene
659 2249 856 2314 merendum
893 2268 1100 2333 propensus,
1130 2256 1170 2313 ut
1200 2248 1334 2313 nullum

384 2351 514 2414 sineret
541 2351 718 2432 praeterire
748 2351 851 2426 diem,
882 2351 966 2431 quin
1002 2350 1155 2432 aliquam
1192 2348 1334 2414 duceret

384 2449 510 2514 lineam
529 2450 572 2514 ad
585 2451 707 2533 patriae
725 2469 799 2514 suae
815 2448 1043 2532 splendorem.
1090 2448 1144 2512 Ex
1162 2448 1333 2531 frequenti

330 2582 334 2587 -
385 2556 420 2614 et
446 2551 567 2614 crebra
592 2549 832 2613 chronicorum
861 2549 1020 2626 lectione,
1046 2547 1330 2632 chronographus

385 2650 498 2714 evasit
513 2657 616 2715 aetate
635 2670 698 2715 sua
714 2669 880 2732 magnus:
906 2649 1058 2726 Gildam‚
1076 2648 1219 2726 Bedam,
1235 2649 1332 2714 Ado-

385 2768 476 2826 nem,
492 2749 702 2828 Marianum,
726 2750 955 2832 Sigebertum‚
973 2758 1008 2814 et
1024 2749 1151 2812 similes
1172 2749 1332 2830 religiose

383 2857 564 2933 sequutus.
626 2850 822 2914 Illustrium
859 2851 1011 2914 virorum
1048 2849 1152 2927 facta,
1191 2859 1331 2914 servato

384 2956 577 3033 temporum
603 2950 733 3027 ordine,
764 2970 805 3014 ac
833 2951 950 3014 debito
974 2950 1126 3014 locorum
1150 2950 1329 3028 iconismo,

382 3057 422 3112 ut
442 3049 615 3132 pellucida
638 3050 797 3131 quaedam
820 3050 968 3131 pictura,
992 3049 1037 3112 ob
1060 3041 1179 3112 oculos
1203 3051 1329 3132 posuit.

382 3146 484 3211 Unde
501 3149 648 3231 posteris
670 3149 807 3213 demum
830 3149 981 3231 reliquit,
1004 3148 1048 3211 ad
1071 3148 1239 3212 celebrem
1257 3147 1329 3214 An-

380 3246 481 3325 glicae
504 3247 723 3329 antiquitatis
748 3249 958 3325 memoriam,
981 3249 1109 3311 eximia
1123 3249 1252 3330 ingenii
1275 3253 1329 3315 sui

379 3353 602 3410 monumenta
625 3353 659 3409 et
681 3346 784 3424 dona,
802 3347 927 3411 Latino
950 3367 1106 3412 sermone
1121 3351 1327 3432 conscripta.

381 3445 477 3510 Obiit
502 3445 651 3523 tandem,
668 3467 737 3510 non
761 3447 835 3511 sine
857 3466 998 3511 suorum
1014 3448 1121 3524 luctu,
1146 3468 1236 3512 anno
1252 3454 1327 3516 nati

380 3545 575 3610 Servatoris
598 3562 759 3623 M.cx1x.,
780 3547 845 3610 sub
870 3546 1024 3611 Henrico
1041 3547 1171 3624 Primo,
1191 3548 1326 3630 Anglo-

379 3666 453 3708 rum
468 3665 561 3726 rege.
598 3645 703 3709 Hunc
717 3653 910 3730 sequuntur
925 3667 965 3710 ac
980 3647 1122 3711 laudant
1136 3646 1325 3714 Gualterus

380 3743 648 3823 Coventriensis,
664 3746 873 3829 Ranulphus
890 3747 1086 3830 Higdenus,
1095 3756 1130 3812 et
1144 3747 1167 3811 J
1171 3748 1324 3814 ohannes

380 3844 525 3908 Rossus,
