<?xml version="1.0" encoding="UTF-8"?>
<!DOCTYPE html PUBLIC "-//W3C//DTD XHTML 1.0 Transitional//EN"
    "http://www.w3.org/TR/xhtml1/DTD/xhtml1-transitional.dtd">
<html xmlns="http://www.w3.org/1999/xhtml" xml:lang="en" lang="en">
 <head>
  <title>
</title>
<meta http-equiv="Content-Type" content="text/html;charset=utf-8" />
  <meta name='ocr-system' content='tesseract 3.04.00' />
  <meta name='ocr-capabilities' content='ocr_page ocr_carea ocr_par ocr_line ocrx_word'/>
</head>
<body>
  <div class='ocr_page' id='page_1' title='image "./florentiiwigorn02florgoog_0070.png"; bbox 0 0 2918 4866; ppageno 0'>
   <div class='ocr_carea' id='block_1_1' title="bbox 359 391 1086 456">
    <p class='ocr_par' dir='ltr' id='par_1_1' title="bbox 359 391 1086 456">
     <span class='ocr_line' id='line_1_1' title="bbox 359 391 1086 456; baseline 0.006 -5"><span class='ocrx_word' id='word_1_1' title='bbox 359 404 552 453; x_wconf 78' lang='lat' dir='ltr'>uuoanuru</span> <span class='ocrx_word' id='word_1_2' title='bbox 580 405 862 456; x_wconf 82' lang='lat' dir='ltr'>wrcoaumusrs.</span> <span class='ocrx_word' id='word_1_3' title='bbox 1041 391 1086 455; x_wconf 81' lang='grc'>43</span> 
     </span>
    </p>
   </div>
   <div class='ocr_carea' id='block_1_2' title="bbox 134 563 1226 1049">
    <p class='ocr_par' dir='ltr' id='par_1_2' title="bbox 134 563 1226 1049">
     <span class='ocr_line' id='line_1_2' title="bbox 134 563 1215 647; baseline -0.006 -19"><span class='ocrx_word' id='word_1_4' title='bbox 134 565 215 628; x_wconf 92' lang='lat' dir='ltr'>cuit.</span> <span class='ocrx_word' id='word_1_5' title='bbox 268 563 398 629; x_wconf 87' lang='lat' dir='ltr'>Eodem</span> <span class='ocrx_word' id='word_1_6' title='bbox 414 581 505 628; x_wconf 92' lang='lat' dir='ltr'>anno</span> <span class='ocrx_word' id='word_1_7' title='bbox 523 582 604 627; x_wconf 87' lang='lat' dir='ltr'>ossa</span> <span class='ocrx_word' id='word_1_8' title='bbox 620 564 712 646; x_wconf 84' lang='lat' dir='ltr'>regis</span> <span class='ocrx_word' id='word_1_9' title='bbox 728 572 763 628; x_wconf 91' lang='lat' dir='ltr'>et</span> <span class='ocrx_word' id='word_1_10' title='bbox 780 563 941 647; x_wconf 89' lang='lat' dir='ltr'>martyris</span> <span class='ocrx_word' id='word_1_11' title='bbox 958 563 1086 629; x_wconf 88' lang='lat' dir='ltr'>Canuti</span> <span class='ocrx_word' id='word_1_12' title='bbox 1096 584 1215 623; x_wconf 65' lang='lat' dir='ltr'>mesonc</span> 
     </span>
     <span class='ocr_line' id='line_1_3' title="bbox 134 633 1226 742; baseline -0.005 -14"><span class='ocrx_word' id='word_1_13' title='bbox 134 665 178 729; x_wconf 90' lang='lat' dir='ltr'>de</span> <span class='ocrx_word' id='word_1_14' title='bbox 193 665 326 730; x_wconf 89' lang='lat' dir='ltr'>tumulo</span> <span class='ocrx_word' id='word_1_15' title='bbox 341 664 469 742; x_wconf 85' lang='lat' dir='ltr'>levata,</span> <span class='ocrx_word' id='word_1_16' title='bbox 484 665 519 727; x_wconf 91' lang='lat' dir='ltr'>in</span> <span class='ocrx_word' id='word_1_17' title='bbox 538 664 664 727; x_wconf 91' lang='lat' dir='ltr'>scrinio</span> <span class='ocrx_word' id='word_1_18' title='bbox 680 664 866 729; x_wconf 85' lang='lat' dir='ltr'>honorifice</span> <span class='ocrx_word' id='word_1_19' title='bbox 881 671 963 729; x_wconf 89' lang='lat' dir='ltr'>sunt</span> <span class='ocrx_word' id='word_1_20' title='bbox 980 665 1084 730; x_wconf 92' lang='lat' dir='ltr'>collo·</span> <span class='ocrx_word' id='word_1_21' title='bbox 1096 633 1226 725; x_wconf 54' lang='grc' dir='ltr'>ῗὲῗιῖἱιξῗῗ</span> 
     </span>
     <span class='ocr_line' id='line_1_4' title="bbox 135 763 1085 848; baseline 0 -19"><span class='ocrx_word' id='word_1_22' title='bbox 135 773 226 830; x_wconf 91' lang='lat' dir='ltr'>cata.</span> <span class='ocrx_word' id='word_1_23' title='bbox 295 767 457 848; x_wconf 85' lang='lat' dir='ltr'>Rogerus</span> <span class='ocrx_word' id='word_1_24' title='bbox 493 765 565 828; x_wconf 85' lang='lat' dir='ltr'>dux</span> <span class='ocrx_word' id='word_1_25' title='bbox 598 763 747 848; x_wconf 80' lang='lat' dir='ltr'><strong>Apuliae,</strong></span> <span class='ocrx_word' id='word_1_26' title='bbox 780 765 932 830; x_wconf 89' lang='lat' dir='ltr'>adunato</span> <span class='ocrx_word' id='word_1_27' title='bbox 963 767 1085 847; x_wconf 82' lang='lat' dir='ltr'>grandi</span> 
     </span>
     <span class='ocr_line' id='line_1_5' title="bbox 136 865 1084 948; baseline 0 -18"><span class='ocrx_word' id='word_1_28' title='bbox 136 867 304 944; x_wconf 88' lang='lat' dir='ltr'>exercitu,</span> <span class='ocrx_word' id='word_1_29' title='bbox 322 866 524 948; x_wconf 88' lang='lat' dir='ltr'>Capuanam</span> <span class='ocrx_word' id='word_1_30' title='bbox 548 865 722 930; x_wconf 85' lang='lat' dir='ltr'>civitatem</span> <span class='ocrx_word' id='word_1_31' title='bbox 746 884 768 928; x_wconf 91' lang='lat' dir='ltr'>a</span> <span class='ocrx_word' id='word_1_32' title='bbox 793 885 857 929; x_wconf 91' lang='lat' dir='ltr'>sua</span> <span class='ocrx_word' id='word_1_33' title='bbox 877 867 1006 930; x_wconf 87' lang='lat' dir='ltr'>ditione</span> <span class='ocrx_word' id='word_1_34' title='bbox 1032 887 1084 930; x_wconf 91' lang='lat' dir='ltr'>re·</span> 
     </span>
     <span class='ocr_line' id='line_1_6' title="bbox 137 965 1186 1049; baseline -0.004 -19"><span class='ocrx_word' id='word_1_35' title='bbox 137 966 308 1032; x_wconf 91' lang='lat' dir='ltr'>silientem</span> <span class='ocrx_word' id='word_1_36' title='bbox 326 966 470 1030; x_wconf 87' lang='lat' dir='ltr'><strong>obsedit.</strong></span> <span class='ocrx_word' id='word_1_37' title='bbox 525 965 687 1030; x_wconf 90' lang='lat' dir='ltr'>Urbanus</span> <span class='ocrx_word' id='word_1_38' title='bbox 710 986 812 1049; x_wconf 89' lang='lat' dir='ltr'>papa,</span> <span class='ocrx_word' id='word_1_39' title='bbox 829 967 1016 1031; x_wconf 88' lang='lat' dir='ltr'>comitante</span> <span class='ocrx_word' id='word_1_40' title='bbox 1032 986 1085 1030; x_wconf 89' lang='lat' dir='ltr'>se·</span> <span class='ocrx_word' id='word_1_41' title='bbox 1097 986 1186 1027; x_wconf 61' lang='lat' dir='ltr'>anaim</span> 
     </span>
    </p>
   </div>
   <div class='ocr_carea' id='block_1_3' title="bbox 137 1035 1243 1151">
    <p class='ocr_par' dir='ltr' id='par_1_3' title="bbox 137 1035 1243 1151">
     <span class='ocr_line' id='line_1_7' title="bbox 137 1035 1243 1151; baseline -0.005 -20"><span class='ocrx_word' id='word_1_42' title='bbox 137 1087 215 1131; x_wconf 87' lang='lat' dir='ltr'>cum</span> <span class='ocrx_word' id='word_1_43' title='bbox 232 1066 489 1132; x_wconf 88' lang='lat' dir='ltr'>Dorubernensi</span> <span class='ocrx_word' id='word_1_44' title='bbox 513 1065 771 1151; x_wconf 83' lang='lat' dir='ltr'>archiepiscopo</span> <span class='ocrx_word' id='word_1_45' title='bbox 789 1065 966 1145; x_wconf 88' lang='lat' dir='ltr'>Anselmo,</span> <span class='ocrx_word' id='word_1_46' title='bbox 983 1074 1023 1132; x_wconf 95' lang='lat' dir='ltr'>ut</span> <span class='ocrx_word' id='word_1_47' title='bbox 1037 1067 1087 1130; x_wconf 89' lang='lat' dir='ltr'>illi</span> <span class='ocrx_word' id='word_1_48' title='bbox 1097 1035 1243 1138; x_wconf 59' lang='lat' dir='ltr'>fflffi&#39;</span> 
     </span>
    </p>
   </div>
   <div class='ocr_carea' id='block_1_4' title="bbox 138 1138 1248 4164">
    <p class='ocr_par' dir='ltr' id='par_1_4' title="bbox 138 1138 1244 1352">
     <span class='ocr_line' id='line_1_8' title="bbox 138 1138 1244 1251; baseline -0.003 -20"><span class='ocrx_word' id='word_1_49' title='bbox 138 1168 332 1243; x_wconf 86' lang='lat' dir='ltr'>mandarat,</span> <span class='ocrx_word' id='word_1_50' title='bbox 356 1167 400 1231; x_wconf 89' lang='lat' dir='ltr'>ad</span> <span class='ocrx_word' id='word_1_51' title='bbox 424 1166 607 1231; x_wconf 87' lang='lat' dir='ltr'>concilium</span> <span class='ocrx_word' id='word_1_52' title='bbox 631 1168 723 1250; x_wconf 89' lang='lat' dir='ltr'>quod</span> <span class='ocrx_word' id='word_1_53' title='bbox 748 1168 840 1251; x_wconf 92' lang='lat' dir='ltr'>apud</span> <span class='ocrx_word' id='word_1_54' title='bbox 863 1168 992 1231; x_wconf 90' lang='lat' dir='ltr'>Barum</span> <span class='ocrx_word' id='word_1_55' title='bbox 1016 1138 1244 1232; x_wconf 66' lang='lat' dir='ltr'>kal.²0i1‘‹¹i‘n⁰i¹i¹¹&#39;</span> 
     </span>
     <span class='ocr_line' id='line_1_9' title="bbox 139 1267 1087 1352; baseline 0 -20"><span class='ocrx_word' id='word_1_56' title='bbox 139 1267 302 1332; x_wconf 87' lang='lat' dir='ltr'>Octobris</span> <span class='ocrx_word' id='word_1_57' title='bbox 313 1269 349 1350; x_wconf 95' lang='grc'>[1</span> <span class='ocrx_word' id='word_1_58' title='bbox 362 1268 457 1349; x_wconf 80' lang='lat' dir='ltr'>Oct]</span> <span class='ocrx_word' id='word_1_59' title='bbox 469 1267 634 1331; x_wconf 84' lang='lat' dir='ltr'>celebrari</span> <span class='ocrx_word' id='word_1_60' title='bbox 644 1268 1087 1352; x_wconf 85' lang='lat' dir='ltr'>constituit‚proficiscitur;</span> 
     </span>
    </p>

    <p class='ocr_par' dir='ltr' id='par_1_5' title="bbox 138 1367 1088 1452">
     <span class='ocr_line' id='line_1_10' title="bbox 138 1367 1088 1452; baseline 0.001 -20"><span class='ocrx_word' id='word_1_61' title='bbox 138 1369 176 1432; x_wconf 92' lang='lat' dir='ltr'>in</span> <span class='ocrx_word' id='word_1_62' title='bbox 194 1387 264 1450; x_wconf 92' lang='lat' dir='ltr'>quo</span> <span class='ocrx_word' id='word_1_63' title='bbox 284 1368 429 1432; x_wconf 90' lang='lat' dir='ltr'>concilio</span> <span class='ocrx_word' id='word_1_64' title='bbox 449 1367 598 1450; x_wconf 90' lang='lat' dir='ltr'>plurima</span> <span class='ocrx_word' id='word_1_65' title='bbox 618 1369 659 1432; x_wconf 92' lang='lat' dir='ltr'>de</span> <span class='ocrx_word' id='word_1_66' title='bbox 674 1368 741 1432; x_wconf 90' lang='lat' dir='ltr'>fide</span> <span class='ocrx_word' id='word_1_67' title='bbox 757 1369 928 1433; x_wconf 89' lang='lat' dir='ltr'>catholica</span> <span class='ocrx_word' id='word_1_68' title='bbox 944 1371 987 1432; x_wconf 94' lang='lat' dir='ltr'>ab</span> <span class='ocrx_word' id='word_1_69' title='bbox 1005 1389 1088 1452; x_wconf 91' lang='lat' dir='ltr'>apo-</span> 
     </span>
    </p>

    <p class='ocr_par' dir='ltr' id='par_1_6' title="bbox 139 1468 1090 1534">
     <span class='ocr_line' id='line_1_11' title="bbox 139 1468 1090 1534; baseline 0 -2"><span class='ocrx_word' id='word_1_70' title='bbox 139 1468 264 1533; x_wconf 91' lang='lat' dir='ltr'>stolico</span> <span class='ocrx_word' id='word_1_71' title='bbox 279 1469 427 1532; x_wconf 86' lang='lat' dir='ltr'>disserta</span> <span class='ocrx_word' id='word_1_72' title='bbox 444 1475 526 1532; x_wconf 93' lang='lat' dir='ltr'>sunt</span> <span class='ocrx_word' id='word_1_73' title='bbox 540 1468 688 1532; x_wconf 84' lang='lat' dir='ltr'>facunda</span> <span class='ocrx_word' id='word_1_74' title='bbox 704 1470 849 1533; x_wconf 89' lang='lat' dir='ltr'>ratione.</span> <span class='ocrx_word' id='word_1_75' title='bbox 901 1470 970 1534; x_wconf 88' lang='lat' dir='ltr'>Ubi</span> <span class='ocrx_word' id='word_1_76' title='bbox 986 1473 1090 1534; x_wconf 88' lang='lat' dir='ltr'>etiam</span> 
     </span>
    </p>

    <p class='ocr_par' dir='ltr' id='par_1_7' title="bbox 140 1568 1091 1955">
     <span class='ocr_line' id='line_1_12' title="bbox 140 1568 1091 1652; baseline 0.002 -19"><span class='ocrx_word' id='word_1_77' title='bbox 140 1577 237 1633; x_wconf 92' lang='lat' dir='ltr'>mota</span> <span class='ocrx_word' id='word_1_78' title='bbox 251 1570 442 1652; x_wconf 75' lang='lat' dir='ltr'>quaestione</span> <span class='ocrx_word' id='word_1_79' title='bbox 459 1589 505 1632; x_wconf 85' lang='lat' dir='ltr'>ex</span> <span class='ocrx_word' id='word_1_80' title='bbox 527 1577 627 1651; x_wconf 89' lang='lat' dir='ltr'>parte</span> <span class='ocrx_word' id='word_1_81' title='bbox 650 1568 866 1647; x_wconf 86' lang='lat' dir='ltr'>Graecorum,</span> <span class='ocrx_word' id='word_1_82' title='bbox 889 1571 1091 1652; x_wconf 85' lang='lat' dir='ltr'>evangelica</span> 
     </span>
     <span class='ocr_line' id='line_1_13' title="bbox 140 1670 1089 1753; baseline 0 -19"><span class='ocrx_word' id='word_1_83' title='bbox 140 1671 348 1734; x_wconf 88' lang='lat' dir='ltr'>auctoritate</span> <span class='ocrx_word' id='word_1_84' title='bbox 364 1671 511 1753; x_wconf 89' lang='lat' dir='ltr'>probare</span> <span class='ocrx_word' id='word_1_85' title='bbox 528 1670 717 1734; x_wconf 88' lang='lat' dir='ltr'>volentium</span> <span class='ocrx_word' id='word_1_86' title='bbox 741 1670 906 1753; x_wconf 88' lang='lat' dir='ltr'>Spiritum</span> <span class='ocrx_word' id='word_1_87' title='bbox 924 1671 1089 1735; x_wconf 89' lang='lat' dir='ltr'>Sanctum</span> 
     </span>
     <span class='ocr_line' id='line_1_14' title="bbox 142 1770 1090 1856; baseline 0.001 -23"><span class='ocrx_word' id='word_1_88' title='bbox 142 1771 397 1853; x_wconf 84' lang='lat' dir='ltr'>processionem</span> <span class='ocrx_word' id='word_1_89' title='bbox 427 1788 495 1833; x_wconf 92' lang='lat' dir='ltr'>non</span> <span class='ocrx_word' id='word_1_90' title='bbox 522 1770 648 1834; x_wconf 90' lang='lat' dir='ltr'>habere</span> <span class='ocrx_word' id='word_1_91' title='bbox 671 1771 745 1856; x_wconf 87' lang='lat' dir='ltr'>nisi</span> <span class='ocrx_word' id='word_1_92' title='bbox 770 1778 906 1836; x_wconf 89' lang='lat' dir='ltr'>tantum</span> <span class='ocrx_word' id='word_1_93' title='bbox 933 1790 955 1835; x_wconf 98' lang='lat' dir='ltr'>a</span> <span class='ocrx_word' id='word_1_94' title='bbox 977 1779 1090 1853; x_wconf 89' lang='lat' dir='ltr'>patre,</span> 
     </span>
     <span class='ocr_line' id='line_1_15' title="bbox 142 1868 1089 1955; baseline 0 -21"><span class='ocrx_word' id='word_1_95' title='bbox 142 1870 308 1955; x_wconf 82' lang='lat' dir='ltr'>praefatus</span> <span class='ocrx_word' id='word_1_96' title='bbox 323 1868 509 1934; x_wconf 89' lang='lat' dir='ltr'>Anselmus</span> <span class='ocrx_word' id='word_1_97' title='bbox 526 1871 575 1934; x_wconf 92' lang='lat' dir='ltr'>sic</span> <span class='ocrx_word' id='word_1_98' title='bbox 599 1872 642 1936; x_wconf 91' lang='lat' dir='ltr'>de</span> <span class='ocrx_word' id='word_1_99' title='bbox 664 1872 805 1954; x_wconf 83' lang='lat' dir='ltr'>negotio</span> <span class='ocrx_word' id='word_1_100' title='bbox 827 1871 1003 1949; x_wconf 85' lang='lat' dir='ltr'>tractavit,</span> <span class='ocrx_word' id='word_1_101' title='bbox 1021 1872 1089 1934; x_wconf 91' lang='lat' dir='ltr'>dis·</span> 
     </span>
    </p>

    <p class='ocr_par' dir='ltr' id='par_1_8' title="bbox 142 1971 1091 2054">
     <span class='ocr_line' id='line_1_16' title="bbox 142 1971 1091 2054; baseline -0.001 -18"><span class='ocrx_word' id='word_1_102' title='bbox 142 1971 261 2049; x_wconf 88' lang='lat' dir='ltr'>seruit,</span> <span class='ocrx_word' id='word_1_103' title='bbox 293 1972 454 2048; x_wconf 89' lang='lat' dir='ltr'>absolvit,</span> <span class='ocrx_word' id='word_1_104' title='bbox 477 1978 517 2035; x_wconf 89' lang='lat' dir='ltr'>ut</span> <span class='ocrx_word' id='word_1_105' title='bbox 540 1973 674 2054; x_wconf 90' lang='lat' dir='ltr'>inipso</span> <span class='ocrx_word' id='word_1_106' title='bbox 699 1979 868 2036; x_wconf 88' lang='lat' dir='ltr'>conventu</span> <span class='ocrx_word' id='word_1_107' title='bbox 893 1992 992 2036; x_wconf 94' lang='lat' dir='ltr'>nemo</span> <span class='ocrx_word' id='word_1_108' title='bbox 1017 1972 1091 2036; x_wconf 84' lang='lat' dir='ltr'>exi-</span> 
     </span>
    </p>

    <p class='ocr_par' dir='ltr' id='par_1_9' title="bbox 141 2072 1059 2155">
     <span class='ocr_line' id='line_1_17' title="bbox 141 2072 1059 2155; baseline -0.003 -18"><span class='ocrx_word' id='word_1_109' title='bbox 141 2079 262 2148; x_wconf 88' lang='lat' dir='ltr'>steret,</span> <span class='ocrx_word' id='word_1_110' title='bbox 278 2072 338 2155; x_wconf 90' lang='lat' dir='ltr'>qui</span> <span class='ocrx_word' id='word_1_111' title='bbox 353 2091 422 2135; x_wconf 92' lang='lat' dir='ltr'>non</span> <span class='ocrx_word' id='word_1_112' title='bbox 436 2072 516 2136; x_wconf 89' lang='lat' dir='ltr'>inde</span> <span class='ocrx_word' id='word_1_113' title='bbox 531 2072 597 2135; x_wconf 92' lang='lat' dir='ltr'>sibi</span> <span class='ocrx_word' id='word_1_114' title='bbox 611 2073 827 2137; x_wconf 82' lang='lat' dir='ltr'>satisfactum</span> <span class='ocrx_word' id='word_1_115' title='bbox 842 2075 1059 2137; x_wconf 88' lang='lat' dir='ltr'>consentiret.</span> 
     </span>
    </p>

    <p class='ocr_par' dir='ltr' id='par_1_10' title="bbox 143 2172 1248 4164">
     <span class='ocr_line' id='line_1_18' title="bbox 196 2172 1241 2256; baseline -0.005 -20"><span class='ocrx_word' id='word_1_116' title='bbox 196 2172 358 2237; x_wconf 89' lang='lat' dir='ltr'>Urbanus</span> <span class='ocrx_word' id='word_1_117' title='bbox 389 2192 494 2256; x_wconf 89' lang='lat' dir='ltr'>papa,</span> <span class='ocrx_word' id='word_1_118' title='bbox 524 2189 577 2237; x_wconf 92' lang='lat'>111.</span> <span class='ocrx_word' id='word_1_119' title='bbox 607 2173 823 2237; x_wconf 88' lang='lat' dir='ltr'>hebdomada</span> <span class='ocrx_word' id='word_1_120' title='bbox 853 2172 1000 2237; x_wconf 81' lang='lat' dir='ltr'>Paschae</span> <span class='ocrx_word' id='word_1_121' title='bbox 1031 2173 1091 2254; x_wconf 88' lang='lat'>[10</span> <span class='ocrx_word' id='word_1_122' title='bbox 1110 2194 1137 2233; x_wconf 71' lang='lat' dir='ltr'>a.</span> <span class='ocrx_word' id='word_1_123' title='bbox 1146 2192 1174 2233; x_wconf 84' lang='lat' dir='ltr'>n.</span> <span class='ocrx_word' id='word_1_124' title='bbox 1185 2193 1241 2232; x_wconf 80' lang='lat'>1099.</span> 
     </span>
     <span class='ocr_line' id='line_1_19' title="bbox 144 2259 1243 2355; baseline 0.001 -19"><span class='ocrx_word' id='word_1_125' title='bbox 144 2270 263 2355; x_wconf 88' lang='lat' dir='ltr'>Apr.],</span> <span class='ocrx_word' id='word_1_126' title='bbox 277 2292 442 2354; x_wconf 82' lang='lat' dir='ltr'>magnum</span> <span class='ocrx_word' id='word_1_127' title='bbox 459 2273 642 2338; x_wconf 91' lang='lat' dir='ltr'>concilium</span> <span class='ocrx_word' id='word_1_128' title='bbox 664 2275 775 2338; x_wconf 88' lang='lat' dir='ltr'>tenuit</span> <span class='ocrx_word' id='word_1_129' title='bbox 791 2274 937 2348; x_wconf 79' lang='lat' dir='ltr'>Romae3</span> <span class='ocrx_word' id='word_1_130' title='bbox 962 2275 998 2337; x_wconf 94' lang='lat' dir='ltr'>in</span> <span class='ocrx_word' id='word_1_131' title='bbox 1021 2293 1090 2354; x_wconf 90' lang='lat' dir='ltr'>quo</span> <span class='ocrx_word' id='word_1_132' title='bbox 1102 2259 1243 2350; x_wconf 49' lang='lat' dir='ltr'>fflffln</span> 
     </span>
     <span class='ocr_line' id='line_1_20' title="bbox 144 2360 1248 2457; baseline 0 -22"><span class='ocrx_word' id='word_1_133' title='bbox 144 2373 263 2437; x_wconf 88' lang='lat' dir='ltr'>recisis</span> <span class='ocrx_word' id='word_1_134' title='bbox 278 2372 481 2452; x_wconf 88' lang='lat' dir='ltr'>recidendis,</span> <span class='ocrx_word' id='word_1_135' title='bbox 500 2382 534 2437; x_wconf 90' lang='lat' dir='ltr'>et</span> <span class='ocrx_word' id='word_1_136' title='bbox 549 2374 691 2437; x_wconf 89' lang='lat' dir='ltr'>statutis</span> <span class='ocrx_word' id='word_1_137' title='bbox 708 2374 900 2438; x_wconf 87' lang='lat' dir='ltr'>statuendis</span> <span class='ocrx_word' id='word_1_138' title='bbox 915 2374 952 2437; x_wconf 92' lang='lat' dir='ltr'>in</span> <span class='ocrx_word' id='word_1_139' title='bbox 967 2373 1090 2438; x_wconf 84' lang='lat' dir='ltr'>adver·</span> <span class='ocrx_word' id='word_1_140' title='bbox 1103 2360 1248 2457; x_wconf 39' lang='lat' dir='ltr'>{3222}ssss</span> 
     </span>
     <span class='ocr_line' id='line_1_21' title="bbox 143 2467 1144 2551; baseline -0.001 -13"><span class='ocrx_word' id='word_1_141' title='bbox 143 2473 253 2538; x_wconf 87' lang='lat' dir='ltr'>sarios</span> <span class='ocrx_word' id='word_1_142' title='bbox 279 2482 408 2539; x_wconf 87' lang='lat' dir='ltr'>sanctae</span> <span class='ocrx_word' id='word_1_143' title='bbox 435 2473 603 2551; x_wconf 85' lang='lat' dir='ltr'>ccclesiae,</span> <span class='ocrx_word' id='word_1_144' title='bbox 624 2475 988 2538; x_wconf 83' lang='lat' dir='ltr'>excommunicationis</span> <span class='ocrx_word' id='word_1_145' title='bbox 1013 2494 1091 2538; x_wconf 88' lang='lat' dir='ltr'>sen·</span> <span class='ocrx_word' id='word_1_146' title='bbox 1104 2467 1144 2502; x_wconf 72' lang='lat'>⁸²⁰·</span> 
     </span>
     <span class='ocr_line' id='line_1_22' title="bbox 145 2574 1093 2639; baseline -0.001 -1"><span class='ocrx_word' id='word_1_147' title='bbox 145 2574 288 2638; x_wconf 89' lang='lat' dir='ltr'>tentiam</span> <span class='ocrx_word' id='word_1_148' title='bbox 304 2575 341 2638; x_wconf 91' lang='lat' dir='ltr'>in</span> <span class='ocrx_word' id='word_1_149' title='bbox 358 2594 477 2639; x_wconf 88' lang='lat' dir='ltr'>omnes</span> <span class='ocrx_word' id='word_1_150' title='bbox 494 2574 602 2638; x_wconf 90' lang='lat' dir='ltr'>laicos</span> <span class='ocrx_word' id='word_1_151' title='bbox 623 2574 847 2638; x_wconf 87' lang='lat' dir='ltr'>investituras</span> <span class='ocrx_word' id='word_1_152' title='bbox 869 2574 1093 2639; x_wconf 89' lang='lat' dir='ltr'>ecclesiarum</span> 
     </span>
     <span class='ocr_line' id='line_1_23' title="bbox 144 2674 1092 2753; baseline 0.001 -16"><span class='ocrx_word' id='word_1_153' title='bbox 144 2675 279 2753; x_wconf 89' lang='lat' dir='ltr'>dantes,</span> <span class='ocrx_word' id='word_1_154' title='bbox 297 2683 332 2740; x_wconf 93' lang='lat' dir='ltr'>et</span> <span class='ocrx_word' id='word_1_155' title='bbox 346 2694 465 2739; x_wconf 92' lang='lat' dir='ltr'>omnes</span> <span class='ocrx_word' id='word_1_156' title='bbox 481 2674 620 2738; x_wconf 89' lang='lat' dir='ltr'>easdem</span> <span class='ocrx_word' id='word_1_157' title='bbox 636 2674 860 2738; x_wconf 88' lang='lat' dir='ltr'>investituras</span> <span class='ocrx_word' id='word_1_158' title='bbox 874 2676 916 2738; x_wconf 93' lang='lat' dir='ltr'>de</span> <span class='ocrx_word' id='word_1_159' title='bbox 934 2676 1092 2738; x_wconf 91' lang='lat' dir='ltr'>manibus</span> 
     </span>
     <span class='ocr_line' id='line_1_24' title="bbox 144 2773 1093 2858; baseline 0.002 -20"><span class='ocrx_word' id='word_1_160' title='bbox 144 2775 282 2839; x_wconf 87' lang='lat' dir='ltr'>illorum</span> <span class='ocrx_word' id='word_1_161' title='bbox 298 2776 516 2858; x_wconf 87' lang='lat' dir='ltr'>accipientes,</span> <span class='ocrx_word' id='word_1_162' title='bbox 531 2794 665 2839; x_wconf 92' lang='lat' dir='ltr'>necnon</span> <span class='ocrx_word' id='word_1_163' title='bbox 689 2795 806 2838; x_wconf 92' lang='lat' dir='ltr'>omnes</span> <span class='ocrx_word' id='word_1_164' title='bbox 821 2776 855 2837; x_wconf 90' lang='lat' dir='ltr'>in</span> <span class='ocrx_word' id='word_1_165' title='bbox 873 2773 1020 2839; x_wconf 90' lang='lat' dir='ltr'>officium</span> <span class='ocrx_word' id='word_1_166' title='bbox 1044 2777 1093 2840; x_wconf 93' lang='lat' dir='ltr'>sic</span> 
     </span>
     <span class='ocr_line' id='line_1_25' title="bbox 144 2875 1093 2959; baseline 0.001 -21"><span class='ocrx_word' id='word_1_167' title='bbox 144 2875 219 2939; x_wconf 89' lang='lat' dir='ltr'>dati</span> <span class='ocrx_word' id='word_1_168' title='bbox 243 2875 383 2940; x_wconf 89' lang='lat' dir='ltr'>honoris</span> <span class='ocrx_word' id='word_1_169' title='bbox 408 2875 606 2959; x_wconf 91' lang='lat' dir='ltr'>hujusmodi</span> <span class='ocrx_word' id='word_1_170' title='bbox 631 2881 883 2951; x_wconf 65' lang='lat' dir='ltr'>consecrantes</span> <span class='ocrx_word' id='word_1_171' title='bbox 908 2893 985 2938; x_wconf 91' lang='lat' dir='ltr'>cum</span> <span class='ocrx_word' id='word_1_172' title='bbox 1017 2882 1093 2939; x_wconf 88' lang='lat' dir='ltr'>toto</span> 
     </span>
     <span class='ocr_line' id='line_1_26' title="bbox 146 2975 1094 3060; baseline 0 -22"><span class='ocrx_word' id='word_1_173' title='bbox 146 2975 292 3040; x_wconf 90' lang='lat' dir='ltr'>concilio</span> <span class='ocrx_word' id='word_1_174' title='bbox 309 2994 402 3060; x_wconf 91' lang='lat' dir='ltr'>papa</span> <span class='ocrx_word' id='word_1_175' title='bbox 423 2976 572 3040; x_wconf 86' lang='lat' dir='ltr'>intorsit.</span> <span class='ocrx_word' id='word_1_176' title='bbox 624 2976 694 3039; x_wconf 91' lang='lat' dir='ltr'>Eos</span> <span class='ocrx_word' id='word_1_177' title='bbox 709 2994 846 3058; x_wconf 91' lang='lat' dir='ltr'>quoque</span> <span class='ocrx_word' id='word_1_178' title='bbox 863 2975 1094 3040; x_wconf 89' lang='lat' dir='ltr'>anathematis</span> 
     </span>
     <span class='ocr_line' id='line_1_27' title="bbox 147 3075 1093 3160; baseline 0 -20"><span class='ocrx_word' id='word_1_179' title='bbox 147 3075 286 3140; x_wconf 86' lang='lat' dir='ltr'>vinculo</span> <span class='ocrx_word' id='word_1_180' title='bbox 312 3075 503 3159; x_wconf 84' lang='lat' dir='ltr'>colligavit,</span> <span class='ocrx_word' id='word_1_181' title='bbox 521 3076 581 3158; x_wconf 91' lang='lat' dir='ltr'>qui</span> <span class='ocrx_word' id='word_1_182' title='bbox 602 3095 665 3160; x_wconf 88' lang='lat' dir='ltr'>pro</span> <span class='ocrx_word' id='word_1_183' title='bbox 688 3076 931 3140; x_wconf 88' lang='lat' dir='ltr'>ecclesiasticis</span> <span class='ocrx_word' id='word_1_184' title='bbox 955 3077 1093 3140; x_wconf 90' lang='lat' dir='ltr'>honori-</span> 
     </span>
     <span class='ocr_line' id='line_1_28' title="bbox 148 3175 1094 3256; baseline 0.002 -17"><span class='ocrx_word' id='word_1_185' title='bbox 148 3176 214 3239; x_wconf 89' lang='lat' dir='ltr'>bus</span> <span class='ocrx_word' id='word_1_186' title='bbox 241 3175 407 3239; x_wconf 91' lang='lat' dir='ltr'>laicorum</span> <span class='ocrx_word' id='word_1_187' title='bbox 438 3176 614 3241; x_wconf 92' lang='lat' dir='ltr'>hominum</span> <span class='ocrx_word' id='word_1_188' title='bbox 644 3176 799 3241; x_wconf 89' lang='lat' dir='ltr'>homines</span> <span class='ocrx_word' id='word_1_189' title='bbox 824 3176 931 3256; x_wconf 82' lang='lat' dir='ltr'>fiunt3</span> <span class='ocrx_word' id='word_1_190' title='bbox 965 3177 1094 3253; x_wconf 88' lang='lat' dir='ltr'>dicens,</span> 
     </span>
     <span class='ocr_line' id='line_1_29' title="bbox 147 3276 1095 3359; baseline 0.001 -20"><span class='ocrx_word' id='word_1_191' title='bbox 147 3276 248 3339; x_wconf 89' lang='lat' dir='ltr'>nimis</span> <span class='ocrx_word' id='word_1_192' title='bbox 263 3276 456 3340; x_wconf 89' lang='lat' dir='ltr'>execrabile</span> <span class='ocrx_word' id='word_1_193' title='bbox 473 3277 592 3353; x_wconf 87' lang='lat' dir='ltr'>videri,</span> <span class='ocrx_word' id='word_1_194' title='bbox 607 3284 648 3340; x_wconf 90' lang='lat' dir='ltr'>ut</span> <span class='ocrx_word' id='word_1_195' title='bbox 662 3296 785 3340; x_wconf 90' lang='lat' dir='ltr'>manus</span> <span class='ocrx_word' id='word_1_196' title='bbox 802 3296 880 3359; x_wconf 89' lang='lat' dir='ltr'>quae</span> <span class='ocrx_word' id='word_1_197' title='bbox 904 3277 940 3339; x_wconf 93' lang='lat' dir='ltr'>in</span> <span class='ocrx_word' id='word_1_198' title='bbox 962 3283 1095 3341; x_wconf 88' lang='lat' dir='ltr'>tantam</span> 
     </span>
     <span class='ocr_line' id='line_1_30' title="bbox 148 3376 1095 3459; baseline 0.001 -19"><span class='ocrx_word' id='word_1_199' title='bbox 148 3376 369 3440; x_wconf 91' lang='lat' dir='ltr'>eminentiam</span> <span class='ocrx_word' id='word_1_200' title='bbox 392 3384 631 3454; x_wconf 87' lang='lat' dir='ltr'>excreverant,</span> <span class='ocrx_word' id='word_1_201' title='bbox 653 3385 703 3454; x_wconf 91' lang='lat' dir='ltr'>ut,</span> <span class='ocrx_word' id='word_1_202' title='bbox 726 3376 819 3459; x_wconf 91' lang='lat' dir='ltr'>quod</span> <span class='ocrx_word' id='word_1_203' title='bbox 842 3376 928 3439; x_wconf 92' lang='lat' dir='ltr'>nulli</span> <span class='ocrx_word' id='word_1_204' title='bbox 953 3378 1095 3458; x_wconf 86' lang='lat' dir='ltr'>angelo·</span> 
     </span>
     <span class='ocr_line' id='line_1_31' title="bbox 148 3477 1097 3553; baseline 0.001 -13"><span class='ocrx_word' id='word_1_205' title='bbox 148 3496 224 3540; x_wconf 93' lang='lat' dir='ltr'>rum</span> <span class='ocrx_word' id='word_1_206' title='bbox 252 3496 454 3540; x_wconf 91' lang='lat' dir='ltr'>concessum</span> <span class='ocrx_word' id='word_1_207' title='bbox 476 3484 540 3553; x_wconf 89' lang='lat' dir='ltr'>est,</span> <span class='ocrx_word' id='word_1_208' title='bbox 564 3477 678 3541; x_wconf 91' lang='lat' dir='ltr'>Deum</span> <span class='ocrx_word' id='word_1_209' title='bbox 694 3484 820 3541; x_wconf 90' lang='lat' dir='ltr'>cuncta</span> <span class='ocrx_word' id='word_1_210' title='bbox 837 3485 1010 3541; x_wconf 88' lang='lat' dir='ltr'>creantem</span> <span class='ocrx_word' id='word_1_211' title='bbox 1033 3497 1097 3541; x_wconf 90' lang='lat' dir='ltr'>suo</span> 
     </span>
     <span class='ocr_line' id='line_1_32' title="bbox 149 3576 1097 3660; baseline 0 -20"><span class='ocrx_word' id='word_1_212' title='bbox 149 3576 328 3660; x_wconf 84' lang='lat' dir='ltr'>signaculo</span> <span class='ocrx_word' id='word_1_213' title='bbox 361 3584 488 3654; x_wconf 91' lang='lat' dir='ltr'>creent,</span> <span class='ocrx_word' id='word_1_214' title='bbox 519 3586 554 3642; x_wconf 90' lang='lat' dir='ltr'>et</span> <span class='ocrx_word' id='word_1_215' title='bbox 576 3578 721 3641; x_wconf 87' lang='lat' dir='ltr'>eundem</span> <span class='ocrx_word' id='word_1_216' title='bbox 743 3578 855 3659; x_wconf 91' lang='lat' dir='ltr'>ipsum</span> <span class='ocrx_word' id='word_1_217' title='bbox 882 3597 945 3659; x_wconf 88' lang='lat' dir='ltr'>pro</span> <span class='ocrx_word' id='word_1_218' title='bbox 967 3577 1097 3641; x_wconf 92' lang='lat' dir='ltr'>redem-</span> 
     </span>
     <span class='ocr_line' id='line_1_33' title="bbox 149 3675 1150 3759; baseline 0 -19"><span class='ocrx_word' id='word_1_219' title='bbox 149 3678 265 3759; x_wconf 90' lang='lat' dir='ltr'>ptione</span> <span class='ocrx_word' id='word_1_220' title='bbox 290 3685 325 3742; x_wconf 90' lang='lat' dir='ltr'>et</span> <span class='ocrx_word' id='word_1_221' title='bbox 345 3677 458 3742; x_wconf 84' lang='lat' dir='ltr'>salute</span> <span class='ocrx_word' id='word_1_222' title='bbox 478 3679 584 3742; x_wconf 90' lang='lat' dir='ltr'>totius</span> <span class='ocrx_word' id='word_1_223' title='bbox 602 3678 732 3754; x_wconf 89' lang='lat' dir='ltr'>mundi,</span> <span class='ocrx_word' id='word_1_224' title='bbox 751 3678 876 3740; x_wconf 91' lang='lat' dir='ltr'>summi</span> <span class='ocrx_word' id='word_1_225' title='bbox 896 3678 963 3741; x_wconf 90' lang='lat' dir='ltr'>Dei</span> <span class='ocrx_word' id='word_1_226' title='bbox 979 3677 1097 3742; x_wconf 90' lang='lat' dir='ltr'>Patris</span> <span class='ocrx_word' id='word_1_227' title='bbox 1147 3675 1150 3681; x_wconf 83' lang='grc'><strong>’</strong></span> 
     </span>
     <span class='ocr_line' id='line_1_34' title="bbox 150 3776 1180 3859; baseline -0.002 -18"><span class='ocrx_word' id='word_1_228' title='bbox 150 3779 327 3842; x_wconf 91' lang='lat' dir='ltr'>obtutibus</span> <span class='ocrx_word' id='word_1_229' title='bbox 359 3778 516 3855; x_wconf 87' lang='lat' dir='ltr'>offerant,</span> <span class='ocrx_word' id='word_1_230' title='bbox 541 3779 576 3841; x_wconf 90' lang='lat' dir='ltr'>in</span> <span class='ocrx_word' id='word_1_231' title='bbox 602 3778 690 3841; x_wconf 89' lang='lat' dir='ltr'>hanc</span> <span class='ocrx_word' id='word_1_232' title='bbox 717 3778 956 3859; x_wconf 18' lang='lat' dir='ltr'>ignominiam,</span> <span class='ocrx_word' id='word_1_233' title='bbox 981 3778 1097 3843; x_wconf 87' lang='lat' dir='ltr'>detru-</span> <span class='ocrx_word' id='word_1_234' title='bbox 1178 3776 1180 3781; x_wconf 81' lang='grc'><strong>’</strong></span> 
     </span>
     <span class='ocr_line' id='line_1_35' title="bbox 149 3878 1099 3961; baseline 0 -20"><span class='ocrx_word' id='word_1_235' title='bbox 149 3878 287 3955; x_wconf 87' lang='lat' dir='ltr'>dantur,</span> <span class='ocrx_word' id='word_1_236' title='bbox 304 3886 343 3942; x_wconf 94' lang='lat' dir='ltr'>ut</span> <span class='ocrx_word' id='word_1_237' title='bbox 366 3878 501 3943; x_wconf 88' lang='lat' dir='ltr'>ancillae</span> <span class='ocrx_word' id='word_1_238' title='bbox 526 3878 610 3942; x_wconf 90' lang='lat' dir='ltr'>fiant</span> <span class='ocrx_word' id='word_1_239' title='bbox 627 3898 745 3941; x_wconf 89' lang='lat' dir='ltr'>earum</span> <span class='ocrx_word' id='word_1_240' title='bbox 770 3899 932 3943; x_wconf 91' lang='lat' dir='ltr'>manuum</span> <span class='ocrx_word' id='word_1_241' title='bbox 949 3898 1028 3961; x_wconf 86' lang='lat' dir='ltr'>quae</span> <span class='ocrx_word' id='word_1_242' title='bbox 1044 3879 1099 3942; x_wconf 92' lang='lat' dir='ltr'>die</span> 
     </span>
     <span class='ocr_line' id='line_1_36' title="bbox 150 3979 1099 4061; baseline -0.001 -19"><span class='ocrx_word' id='word_1_243' title='bbox 150 3998 190 4044; x_wconf 90' lang='lat' dir='ltr'>ac</span> <span class='ocrx_word' id='word_1_244' title='bbox 215 3986 318 4043; x_wconf 90' lang='lat' dir='ltr'>nocte</span> <span class='ocrx_word' id='word_1_245' title='bbox 345 3980 515 4043; x_wconf 90' lang='lat' dir='ltr'>obscoenis</span> <span class='ocrx_word' id='word_1_246' title='bbox 542 3979 757 4043; x_wconf 90' lang='lat' dir='ltr'>contactibus</span> <span class='ocrx_word' id='word_1_247' title='bbox 779 3979 1011 4061; x_wconf 89' lang='lat' dir='ltr'>inquinantur,</span> <span class='ocrx_word' id='word_1_248' title='bbox 1026 3981 1099 4042; x_wconf 91' lang='lat' dir='ltr'>sive</span> 
     </span>
     <span class='ocr_line' id='line_1_37' title="bbox 150 4079 1101 4164; baseline -0.001 -21"><span class='ocrx_word' id='word_1_249' title='bbox 150 4080 281 4162; x_wconf 89' lang='lat' dir='ltr'>rapinis</span> <span class='ocrx_word' id='word_1_250' title='bbox 308 4098 349 4143; x_wconf 89' lang='lat' dir='ltr'>ac</span> <span class='ocrx_word' id='word_1_251' title='bbox 373 4080 513 4164; x_wconf 89' lang='lat' dir='ltr'>injustae</span> <span class='ocrx_word' id='word_1_252' title='bbox 537 4080 742 4161; x_wconf 85' lang='lat' dir='ltr'>sanguinum</span> <span class='ocrx_word' id='word_1_253' title='bbox 769 4079 926 4144; x_wconf 87' lang='lat' dir='ltr'>effusioni</span> <span class='ocrx_word' id='word_1_254' title='bbox 954 4080 1101 4143; x_wconf 88' lang='lat' dir='ltr'>addictae</span> 
     </span>
    </p>
   </div>
   <div class='ocr_carea' id='block_1_5' title="bbox 149 4180 1104 4258">
    <p class='ocr_par' dir='ltr' id='par_1_11' title="bbox 149 4180 1104 4258">
     <span class='ocr_line' id='line_1_38' title="bbox 149 4180 1104 4258; baseline -0.002 -14"><span class='ocrx_word' id='word_1_255' title='bbox 149 4180 457 4245; x_wconf 88' lang='lat' dir='ltr'>commaculantur.</span> <span class='ocrx_word' id='word_1_256' title='bbox 520 4180 634 4258; x_wconf 66' lang='lat' dir='ltr'>‘Fiat</span> <span class='ocrx_word' id='word_1_257' title='bbox 668 4181 753 4257; x_wconf 87' lang='lat' dir='ltr'>fiat,&#39;</span> <span class='ocrx_word' id='word_1_258' title='bbox 785 4182 829 4244; x_wconf 93' lang='lat' dir='ltr'>ah</span> <span class='ocrx_word' id='word_1_259' title='bbox 860 4181 1018 4244; x_wconf 90' lang='lat' dir='ltr'>omnibus</span> <span class='ocrx_word' id='word_1_260' title='bbox 1050 4185 1104 4243; x_wconf 87' lang='lat' dir='ltr'>est</span> 
     </span>
    </p>
   </div>
   <div class='ocr_carea' id='block_1_6' title="bbox 0 0 1486 4866">
    <p class='ocr_par' dir='ltr' id='par_1_12' title="bbox 0 0 1486 4866">
     <span class='ocr_line' id='line_1_39' title="bbox 0 0 1486 4866; baseline 0 0"><span class='ocrx_word' id='word_1_261' title='bbox 0 0 1486 4866; x_wconf 95' lang='lat' dir='ltr'> </span> 
     </span>
    </p>
   </div>
  </div>
 </body>
</html>
