2918 4866
443 427 635 476 nnonnnru
663 427 942 477 wroonrunnsrs
1098 413 1169 477 245·

216 589 334 663 pante,
357 583 531 649 infirmata
553 593 618 663 est,
634 594 669 651 et
691 587 735 651 ad
763 587 906 651 nihilum
928 587 1081 652 redacta.
1129 587 1279 654 Assmbaso

1174 653 1261 691 fromth
1263 665 1274 692 e

216 701 344 763 magno
367 695 402 747 et
424 705 558 749 summo
576 686 801 751 Tartarorum
819 707 910 770 rege,
931 695 1001 752 tam
1024 687 1301 792 d⁰¹¹¹¹⁸¹¹⁰ffl¹fflfm

216 800 317 864 papae
348 803 452 865 quam
482 785 640 850 Franciae
673 795 708 850 ct
738 785 877 868 Angliae
915 789 1065 869 regibus,
1096 808 1160 870 pro

215 883 369 946 amicitia
386 884 585 948 renovanda
611 893 646 950 et
666 885 908 964 confirmanda,
921 895 957 950 et
980 907 1043 969 pro
1061 887 1159 951 Chri·
1234 960 1237 965 ,

214 981 338 1045 stianae
351 982 429 1047 fidei
440 993 655 1048 sacramento
671 986 898 1068 suscipiendo,
910 1006 1043 1051 necnon
1054 988 1159 1051 ctiam

213 1099 276 1162 pro
294 1082 447 1146 subsidio
464 1083 583 1148 Terrae
600 1085 738 1150 Sanctae
754 1086 971 1163 conferendo,
989 1086 1162 1151 solemnes

213 1188 296 1245 sunt
328 1183 445 1246 nuncii
474 1183 603 1247 directi.
655 1184 831 1263 schanan,
864 1186 1040 1251 comitissa
1072 1185 1158 1252 Glo-

212 1282 353 1359 verniae,
378 1282 509 1346 domini
535 1284 627 1365 regis
654 1282 793 1367 Angliae
821 1285 903 1362 filia,
927 1286 982 1348 dic
999 1284 1158 1364 Veneris,

213 1396 261 1443 ιν.
273 1401 353 1446 non.
366 1381 454 1446 Maii
469 1379 506 1466 [4
518 1382 635 1469 Maii],
650 1384 743 1466 apud
760 1384 1007 1448 Winchecumb
1024 1387 1158 1467 peperit

211 1479 319 1543 filium
345 1501 445 1546 suum
467 1484 742 1564 primogenitum,
768 1504 869 1567 quem
894 1485 1033 1548 vocavit
1059 1483 1156 1549 Gilc-

210 1579 356 1644 bertum.
408 1582 578 1647 Dominus
591 1582 756 1659 Thomas,
773 1583 946 1647 Roffensis
962 1584 1193 1688 episcopus,
1169 1597 1270 1647 mom„
1284 1600 1318 1649 br

1169 1659 1181 1688 o
1181 1649 1292 1689 tRocheo-

210 1678 265 1743 die
302 1681 336 1747 S
365 1680 543 1748 Pancratii
582 1683 642 1764 [12
682 1681 799 1768 Maii],
844 1684 936 1765 apud
985 1683 1077 1747 Roff
1120 1685 1208 1748 inter
1223 1700 1268 1746 ob

210 1788 388 1846 senectute
410 1782 501 1846 bona
523 1783 761 1847 obdormivit
751 1803 786 1846 m
810 1783 983 1862 Domin03
1007 1785 1062 1847 cui
1078 1803 1157 1848 suc-
1168 1799 1320 1850 mommo

1168 1849 1268 1888 Thomas.

210 1881 314 1945 cessit
343 1881 509 1960 Thomas,
535 1882 688 1967 ejusdem
718 1883 870 1946 ecclesiae
902 1882 1007 1964 prior.
1062 1881 1158 1947 Alie·
1168 1898 1265 1946 monor
1275 1899 1312 1938 the

211 1998 307 2057 nora,
329 1981 457 2045 domini
482 1984 574 2064 regis
599 1981 735 2064 Angliae
753 1983 900 2061 mater,
891 2003 925 2045 m
943 1983 1093 2046 crastino
1116 1984 1152 2049 S.
1166 1948 1292 2046 ϋῗῗῖἶῖῗο

208 2076 379 2145 Johannis
408 2079 467 2166 [25
483 2081 596 2168 Jun.,]
623 2083 715 2165 apud
738 2080 1037 2165 Aumbresbyr.1n
1062 2103 1153 2146 mor-

209 2185 277 2242 tcm
303 2181 508 2264 impingens,
538 2183 640 2246 tertio
668 2182 724 2246 dic
750 2190 830 2264 post
856 2181 1085 2246 Nativitatem
1110 2182 1154 2248 Β.

208 2277 335 2344 Mariae
366 2279 405 2366 [8
436 2277 562 2365 Sept.]‚
592 2283 876 2352 concurrentibus
910 2290 979 2348 tam
1013 2279 1154 2363 Angliae

210 2398 315 2460 quam
338 2381 496 2445 Franciae
519 2383 720 2464 proceribus
738 2381 938 2463 potissimis,
955 2380 1154 2446 solemniter

207 2487 260 2543 cst
293 2481 472 2546 tumulata.
526 2481 668 2545 Mortuo
701 2481 866 2545 totaliter
879 2488 915 2544 ct
947 2488 1153 2562 consumpto
1166 2489 1295 2530 crescon

1166 2541 1237 2580 affairs
1246 2551 1296 2579 con-

206 2585 277 2642 tem
313 2581 442 2644 semine
479 2600 583 2662 quam
623 2581 790 2662 sanguine
822 2578 1028 2656 Alexandri,
1062 2581 1152 2660 regis
1165 2597 1311 2680 ιζὲιέᾛτὲῐ

207 2677 344 2757 Scotiae,
376 2681 497 2744 ultimo
529 2680 693 2759 defuncti,
726 2687 907 2762 coeperunt
943 2679 1126 2760 quidam'
1117 2699 1152 2742 m
1165 2690 1288 2780 ffflmder

209 2799 317 2860 regno
345 2779 510 2844 Scotiae
494 2799 555 2863 Jus
582 2780 650 2843 sibi
680 2778 936 2844 haereditarium
967 2777 1150 2841 vindicare.

208 2877 312 2956 Quod
340 2879 574 2956 considerans
606 2899 667 2943 rex
701 2878 840 2960 Angliae
874 2896 1072 2960 supremum
1090 2877 1152 2960 jus

204 2981 302 3060 regni
315 2978 469 3062 ejusdem
485 2980 634 3043 asseruit
647 2979 713 3042 sibi
730 2985 935 3059 competere.
986 2975 1042 3040 Ad
1060 2977 1150 3058 quod

204 3078 413 3143 luculentius
427 3079 683 3156 declarandum,
696 3078 788 3160 apud
805 3076 961 3141 Norbam
972 3076 1007 3139 in
1022 3076 1150 3140 march.

205 3179 331 3243 Scotiae
357 3177 536 3256 accedens,
562 3179 656 3242 viros
687 3178 867 3258 religiosos
901 3176 943 3239 de
975 3176 1148 3239 nonnullis

204 3276 343 3360 Anglioe
371 3277 525 3342 ecclesiis
549 3298 627 3343 cum
653 3277 822 3342 chronicis
850 3276 921 3339 suis
947 3276 1152 3339 convocavit

202 3379 340 3443 ibidem.
393 3376 529 3455 Quibus
553 3377 735 3460 diligenter
762 3396 877 3441 coram
903 3382 978 3440 toto
1008 3375 1151 3438 consilio

203 3498 267 3543 suo
293 3474 470 3560 inspectis,
489 3478 664 3555 scrutatis,
678 3484 713 3540 et
729 3475 965 3550 consideratis,
980 3475 1150 3538 universis

202 3579 317 3661 patuit
331 3586 367 3642 et
383 3576 531 3658 singulis
554 3578 651 3658 regni
669 3577 795 3640 Scotiae
814 3576 875 3659 jus
890 3594 1088 3655 supremum
1107 3575 1150 3638 ad

202 3680 316 3761 ipsum
333 3683 491 3759 spectare
506 3677 724 3758 etpertinere
741 3675 879 3739 debere.
930 3674 1018 3751 Quae
1036 3676 1151 3737 omnia

201 3798 280 3843 cunr
315 3795 432 3842 coram
467 3776 656 3859 majoribus
695 3775 832 3849 Scotiae‚
867 3781 940 3836 tam
976 3773 1150 3854 episcopis

202 3898 306 3960 quam
339 3875 535 3951 comitibus,
567 3882 603 3938 et
627 3874 704 3937 aliis
735 3872 920 3948 nonnullis,
949 3880 1064 3935 essent
1095 3891 1148 3934 re-

200 3979 320 4053 citata,
338 3984 374 4041 et
392 3975 552 4056 diligenti
574 3973 829 4037 examinatione
858 3971 1060 4053 ponderata,
1082 3990 1150 4033 non

200 4077 364 4141 babentes
393 4075 503 4139 Scotti
524 4073 614 4156 quod
645 4092 707 4154 pro
736 4091 774 4135 se
805 4072 1009 4152 allegarent,
1034 4070 1149 4151 ipsum

198 4185 365 4260 tanquam
381 4175 558 4239 dominum
576 4191 774 4254 supremum
789 4175 1033 4252 susceperunt.¹
1084 4167 1150 4232 Cui
