2918 4866
355 360 422 426 242
603 373 850 422 oonrrnurrro
874 375 1050 424 onnonror

357 533 485 597 domini
520 532 699 597 lohannes
736 533 778 599 de
812 534 997 610 Lovethot,
1029 533 1227 599 Willelmus
1265 533 1309 599 de

359 635 527 709 Bronton,
547 633 709 715 Rogems
729 635 771 698 de
794 634 992 717 Leycestre,
1012 641 1047 699 et
1065 634 1241 699 Robertus
1262 634 1306 698 de

359 733 572 817 Littlebery:
597 743 632 798 et
657 733 693 797 hi
719 734 857 817 quidem
882 736 925 798 de
950 736 1072 800 banco.
1124 735 1179 798 De
1203 733 1306 797 itine-

358 835 514 898 rantibus
546 834 683 898 fuerunt
722 835 851 898 domini
885 833 1047 899 Solomon
1076 834 1119 898 de
1152 833 1305 909 Roffeu.,

360 934 534 998 Ricardus
561 933 603 998 de
634 935 828 1018 Boylaund,
854 933 1007 998 Thomas
1036 934 1078 998 de
1109 933 1309 1012 Sudendou,

358 1033 536 1098 Walterus
564 1034 606 1097 de
640 1033 771 1117 Hopet,
799 1042 834 1099 et
865 1033 1041 1098 Robertus
1069 1033 1113 1097 de
1142 1033 1305 1098 Preston.

358 1132 426 1197 Sed
458 1133 589 1217 primis,
620 1135 655 1196 in
688 1133 755 1198 fine
786 1134 887 1198 istius
917 1134 1146 1217 parliamenti,
1175 1133 1310 1198 redem-

358 1233 477 1316 ptione
516 1234 715 1316 pecuniaria
756 1254 825 1298 non
865 1233 1000 1298 modica
1042 1232 1307 1310 interveniente,

359 1333 522 1410 dimissis,
554 1333 678 1408 ultimi,
703 1353 784 1415 rege
814 1333 901 1398 alias
931 1353 968 1398 se
998 1334 1241 1410 transferente,
1271 1334 1308 1396 in

359 1434 436 1517 ipsa
456 1433 559 1497 Turri
581 1442 839 1513 remanserunt;
871 1433 930 1517 qui
955 1441 1028 1498 tum
1050 1435 1085 1497 in
1104 1434 1309 1512 continenti,

359 1553 428 1597 non
443 1535 574 1616 absque
588 1535 807 1599 conniventia
823 1535 931 1615 regia,
941 1534 1001 1597 sed
1017 1553 1058 1597 eo
1073 1532 1307 1616 praecipiente,

198 1649 341 1740 &unguor
359 1653 453 1698 more
466 1635 617 1716 priorum
635 1634 679 1698 ad
694 1634 834 1717 propria
848 1640 931 1697 sunt
941 1634 1082 1698 reversi.
1114 1634 1137 1699 J
1140 1632 1307 1709 ohannes,

224 1711 267 1750 '⁹⁰
283 1727 299 1747 ''
361 1733 510 1797 Eliensis
526 1734 717 1817 episcopus,
739 1734 867 1798 domini
889 1735 981 1815 regis
1003 1733 1254 1810 thesaurarius,
1270 1733 1308 1796 in

360 1833 512 1899 crastino
543 1832 831 1898 Annunciationis
858 1834 902 1898 Β.
935 1833 1058 1897 Mariae
1091 1830 1150 1917 [26
1182 1830 1309 1916 Mar.],

361 1933 451 2016 apud
471 1933 538 2017 Ely
554 1933 643 1998 diem
665 1933 790 1998 clausit
811 1941 1017 2007 extremum3
1045 1934 1101 1997 cui
1116 1933 1172 1996 die
1188 1932 1310 1997 coenae

197 2034 519 2140 gfffffdegbrproximo
546 2034 670 2098 ibidem
707 2026 898 2097 honorifice
923 2033 1107 2108 tumulato,
1137 2032 1308 2097 successit

199 2110 328 2189 ruram
360 2134 527 2214 magister
567 2132 765 2198 Willelmus
808 2133 851 2196 de
895 2132 1004 2208 Lude,
1046 2132 1310 2196 archidiaconus

362 2231 604 2296 Dunelmensis
622 2239 657 2296 et
675 2233 825 2297 decanus
848 2233 884 2296 S.
904 2232 1050 2297 Martini
1070 2233 1195 2314 Magni
1214 2231 1310 2296 Lon-

361 2331 484 2407 doniae,
496 2331 694 2415 dominique
710 2333 801 2415 regis
817 2333 860 2396 de
876 2333 1068 2414 garderoba
1085 2351 1150 2397 sua
1166 2331 1309 2396 thesau-

199 2446 349 2486 suanorum
362 2431 486 2508 rarius,
502 2431 633 2495 electus
650 2449 698 2499 w,
716 2432 763 2496 id.
777 2431 864 2495 Maii
881 2432 940 2514 [12
958 2431 1074 2515 Maii}
1127 2430 1309 2496 Gilbertus

198 2495 291 2536 married
299 2500 321 2535 to

198 2547 328 2638 fflifflssfr.
361 2530 404 2596 de
434 2529 547 2606 Clare,
584 2551 699 2596 comes
724 2531 934 2603 Gloverniae‚
963 2532 1064 2596 duxit
1095 2533 1130 2595 in
1161 2551 1307 2596 uxorem

361 2631 534 2695 dominam
549 2631 757 2709 Johannam,
776 2632 906 2696 ‘dictam
927 2633 969 2696 de
993 2630 1096 2705 Aere,
1112 2632 1195 2714 quia
1215 2632 1310 2714 apud

361 2729 517 2796 Aconem
530 2740 614 2795 nata
636 2739 699 2808 est,
715 2731 822 2795 filiam
838 2733 930 2813 regis
945 2729 1094 2812 Angliae,
1115 2731 1236 2795 ultimo
1251 2732 1309 2795 die

198 2846 297 2936 mit
361 2832 488 2895 mensis
503 2830 644 2914 Aprilis,
663 2832 753 2914 apud
771 2831 1131 2897 westmonasterium.
1177 2830 1310 2896 Eodem

259 2907 273 2946 ⁸
299 2922 305 2936 ’
361 2931 427 3005 die,
439 2931 475 2994 in
490 2932 577 2995 mari
588 2931 807 3005 Marmorioo,
814 2930 922 3014 juxta
933 2931 969 2995 S.
983 2931 1203 3005 Matthaeum,
1219 2931 1312 2996 inter

362 3031 574 3095 Baiononses
594 3039 629 3096 et
644 3030 807 3114 Quinque
827 3031 955 3096 Portus
971 3038 1006 3094 et
1017 3030 1311 3096 Gernemutenses

361 3150 406 3194 ex
423 3152 491 3195 una
510 3138 620 3214 parte,
636 3138 671 3195 et
687 3130 900 3194 Flandreuse
920 3130 1097 3212 navigium
1117 3150 1162 3194 ex
1184 3131 1309 3209 altera,

361 3239 520 3294 exortum
544 3239 597 3295 est
617 3230 741 3295 navale
758 3230 886 3294 bellum
908 3230 1156 3297 saevissimum:
1184 3232 1244 3294 ubi
1268 3230 1312 3295 de

362 3329 624 3394 Flandrensium
648 3330 866 3395 multitudine
882 3331 1109 3413 permaxima,
1125 3337 1199 3394 tum
1216 3349 1311 3414 aqua

360 3435 435 3493 tum
462 3431 542 3510 igne
573 3429 714 3512 injecto,
745 3436 820 3494 tum
852 3431 956 3494 etiam
991 3431 1096 3494 armis
1129 3430 1309 3514 jugulata,

360 3528 507 3592 navibus
542 3529 645 3593 etiam
673 3550 790 3594 eorum
820 3530 994 3614 plerisque
1024 3529 1221 3606 submersis,
1248 3530 1312 3595 ali·

360 3627 485 3710 quibus
498 3648 581 3693 vero
599 3629 837 3708 concrematis,
860 3630 1006 3712 aliisque
1027 3630 1092 3694 sibi
1111 3630 1205 3713 firgae
1220 3649 1312 3712 pree·

360 3727 447 3792 sidio
472 3728 743 3803 consulentibus,
768 3730 916 3794 victoria
941 3730 1054 3812 potita
1072 3737 1229 3813 estpars
1252 3730 1313 3794 ad-

199 3844 334 3885 nemovuor
359 3847 471 3892 versa.
524 3828 695 3916 Dominus
711 3849 773 3893 rex
788 3849 915 3911 regem,
936 3836 1070 3912 patrem
1087 3849 1200 3906 suurn,
1216 3829 1311 3912 apud

196 3896 329 3994 ἷῗῖτιιῖῗᾱῖῑῗῖ
359 3927 709 3993 westmonasterium
727 3930 984 4004 intumulatum,
998 3936 1099 3993 nocte
1114 3928 1310 3994 Dominicee

359 4026 581 4093 Ascensionis
606 4026 666 4112 [10
683 4027 799 4114 Μαίη,
821 4030 935 4093 subito
958 4036 993 4092 et
1017 4029 1196 4111 inopinate
1216 4047 1311 4093 amo·

359 4130 431 4191 veri
449 4128 541 4205 fecit,
557 4128 643 4193 etin
658 4128 735 4192 loco
752 4128 953 4202 excelsiore,
964 4128 1073 4212 juxta
1086 4128 1122 4192 S.
1139 4127 1309 4193 Eadwar-
