2918 4866
379 426 573 473 rnonnn'rn
602 427 883 476 wisounrnusrs.
1041 415 1106 479 277

153 580 302 664 ditisque
344 586 534 649 rationibus
571 593 605 650 et
642 587 798 650 articulis
837 606 856 650 a
895 588 995 651 dictis
1029 608 1102 651 car-

150 679 321 746 dinalibus
339 687 374 748 in
391 685 502 749 medio
518 687 715 768 propositis
731 687 890 751 dominus
904 707 979 764 rex,
999 706 1104 770 super

151 784 338 861 praemissis
356 785 474 848 volens
492 786 671 850 consulere
689 793 723 849 et
742 787 941 864 deliberare,
957 807 1100 869 respon-

151 881 282 945 sionem
311 903 409 948 suam
442 904 552 967 usque
583 887 622 976 ¹in
656 887 793 950 tertium
826 886 916 951 diem
944 887 1099 968 distulit3

150 979 338 1065 habitaque
349 985 593 1050 deliberatione
604 991 640 1049 et
655 986 796 1049 consilio
807 1005 885 1050 cum
902 987 1100 1069 proceribus

150 1089 184 1142 et
230 1083 453 1147 ecclesiarum
496 1085 660 1166 praelatis
709 1085 764 1148 die
811 1093 957 1163 statute,
998 1086 1099 1150 dictis

150 1181 383 1247 cardinalibus
413 1192 447 1248 ct
475 1185 674 1266 proceribus
706 1186 750 1248 ad
780 1187 1033 1268 parlamentum
1064 1188 1099 1249 in

149 1299 256 1343 unum
293 1284 587 1361 convenientibus
625 1285 801 1367 respondit
839 1285 996 1349 dominus
1037 1306 1100 1349 rex

149 1399 266 1461 prose
287 1390 322 1447 ot
337 1404 399 1466 pro
416 1403 522 1465 regno
542 1403 604 1448 suo
620 1405 627 1448 :
658 1384 712 1448 0b
728 1386 954 1449 reverentiam
970 1384 1100 1449 domini

149 1500 260 1563 papae,
288 1483 385 1547 salvo
404 1483 485 1567 jure
506 1504 569 1548 suo
595 1492 630 1548 et
655 1484 751 1566 regni
779 1484 845 1560 sui,
868 1485 958 1548 bono
985 1486 1099 1549 animo

149 1600 284 1661 guerrae
309 1602 381 1648 suae
403 1584 493 1649 velle
518 1585 731 1659 renunciare,
759 1591 793 1647 et
819 1584 974 1667 pristinae
1003 1585 1099 1666 pacis

69 1764 72 1768 Δ
149 1690 184 1744 et
214 1685 408 1748 concordiae
434 1683 567 1748 foedera
592 1683 739 1747 fideliter
768 1684 964 1762 observare,
992 1684 1098 1747 salvis

151 1800 286 1847 coronae
312 1804 385 1848 suae
413 1785 583 1866 dignitate
609 1792 644 1848 et
669 1785 767 1866 regni
793 1784 847 1847 sui
872 1783 963 1866 jure.
1016 1782 1097 1861 Quo

150 1890 303 1964 accepto,
323 1884 406 1947 dicti
428 1884 619 1947 cardinales
643 1884 686 1947 ad
709 1892 826 1966 partes
847 1883 1097 1947 transmarinas

150 1980 312 2046 festinare
353 1983 611 2066 disposuerunt,
649 2003 753 2065 super
787 1983 975 2064 praemissis
1019 2002 1097 2046 cum

150 2099 230 2162 rege
265 2082 422 2147 Franciae
458 2083 650 2147 tractaturi.
716 2082 887 2146 Dominus
925 2082 1097 2146 Ricardus

150 2180 191 2241 de
235 2182 390 2246 London.
429 2185 537 2247 abbas
584 2179 704 2245 istius¹
750 2182 828 2258 loci,
872 2183 905 2245 in
947 2182 1098 2246 crastino

149 2278 406 2364 Assumptionis
423 2283 465 2346 B.
480 2282 636 2364 Virginis
652 2281 711 2364 [16
728 2279 852 2364 Aug.],
868 2283 958 2346 diem
973 2282 1099 2346 clausit

149 2388 365 2460 extremum3
405 2382 461 2445 cui
494 2382 660 2446 successit
702 2381 861 2445 dominus
901 2381 1099 2445 Willclmus

149 2479 190 2543 de
222 2481 422 2558 Wodelord,
452 2488 534 2545 tunc
565 2481 712 2545 sacrista
745 2479 864 2545 istius¹
896 2481 975 2544 loci.
1028 2480 1099 2559 Qui

148 2579 203 2642 dic
219 2580 469 2646 Decollationis
486 2580 520 2644 S.
538 2580 709 2645 lobannis
724 2581 893 2662 Baptistae
911 2580 971 2661 [29
986 2581 1097 2661 Aug]

148 2680 287 2757 electus
327 2682 577 2763 possessionem
615 2682 768 2745 baroniae
809 2680 959 2744 obtinuit
995 2686 1096 2744 sexto

148 2779 302 2844 decimo²
335 2782 390 2845 die
422 2788 502 2845 ante
536 2780 663 2844 festum
696 2780 730 2844 S.
749 2779 944 2855 Michaelis
980 2785 1014 2841 et
1045 2780 1096 2841 in-

146 2900 285 2960 gressus
325 2901 408 2944 suos
452 2880 533 2944 fecit
577 2881 663 2944 satis
702 2881 901 2944 solemniter
939 2880 973 2942 in
1006 2878 1095 2943 festo

148 2980 309 3045 Omnium
324 2980 531 3044 Sanctorum
548 2981 585 3061 [1
605 2979 725 3062 Nov.].
779 2981 825 3043 Et
841 2980 921 3061 quia
937 2979 971 3041 in
985 2979 1093 3041 omni·

145 3082 208 3143 bus
226 3081 368 3162 agendis
394 3081 465 3143 suis
490 3099 626 3162 semper
647 3081 820 3158 gratiosus
836 3079 912 3154 fuit,
933 3079 967 3141 in
990 3097 1093 3142 vaca-

146 3181 238 3243 tione
270 3181 445 3244 dominum
472 3200 589 3260 regem
617 3188 652 3243 et
683 3186 865 3243 exactores
895 3197 976 3241 suos
1008 3179 1094 3242 satis

144 3281 316 3360 gratiosos
334 3281 452 3343 habuit
469 3288 503 3342 et
519 3279 688 3344 curiales:
713 3286 748 3342 et
765 3287 818 3343 est
834 3277 1093 3342 memorandum

143 3380 234 3461 quod
267 3381 310 3444 ad
350 3382 442 3443 bona
481 3378 804 3443 obedientiariorum
839 3380 874 3442 in
913 3378 1094 3441 vacatione

142 3501 280 3544 manum
312 3499 410 3543 suam
444 3500 512 3544 non
546 3478 784 3543 extenderunt.
848 3477 936 3541 Post
966 3478 1092 3541 festum
1107 3499 1197 3560 nevere

141 3580 177 3644 S.
194 3581 355 3644 Edwardi
374 3581 412 3660 [5
426 3579 449 3643 J
452 3580 525 3659 am]
545 3579 703 3643 dominus
721 3597 783 3641 rex
800 3597 930 3641 moram
955 3577 1093 3641 trahens
1106 3550 1240 3649 {digesto

140 3681 339 3757 consonus,
364 3680 480 3743 citatis
510 3679 635 3742 ibidem
663 3679 862 3760 proceribus
891 3675 1029 3757 Angue
1058 3689 1092 3740 et
1106 3655 1242 3750 llllyll‘

141 3780 363 3843 ecclesiarum
380 3779 545 3861 praelatis,
554 3779 744 3842 conabatur
759 3777 955 3841 omnimodo
973 3783 1091 3838 extor-

141 3900 245 3962 quere
262 3900 283 3942 a
300 3879 391 3943 clero
410 3879 629 3942 medietatem
644 3879 810 3942 bonorum
828 3896 980 3949 suorum,
1003 3877 1093 3938 sicut

139 4000 230 4043 anno
248 3979 469 4062 praecedenti,
484 3985 519 4042 et
539 3992 560 4040 a
584 3978 714 4060 populo
739 3976 899 4040 similiter
922 3984 961 4038 ut
984 3975 1089 4056 prius.

138 4093 286 4101 --——-—

175 4138 180 4167 ¹
201 4141 300 4204 latius]
319 4140 477 4202 Apparently
492 4153 602 4187 anerror
661 4135 811 4202 2Παίγνια]
838 4139 912 4185 From
934 4137 1089 4198 conjecture.

137 4213 175 4260 for
186 4213 272 4272 hujus:
292 4213 348 4260 scil.
359 4212 396 4260 St.
410 4205 563 4259 Edmund’s.
626 4208 680 4258 The
694 4208 752 4258 Ms.
764 4208 811 4257 has
822 4209 829 4236 ‘
839 4201 937 4268 septio.’
