2918 4866
351 375 546 424 rcounnrrr
574 375 864 425 wroounmusrs.
1039 363 1081 427 ll

136 531 330 599 fautoribus
344 554 491 618 coepere.
536 535 604 600 Sed
622 535 868 600 Herefordensi
883 535 1014 614 comiti,
1028 556 1084 614 ne,
1096 557 1233 645 newa

137 633 285 698 Sabrina
310 636 549 715 transvadata
576 636 730 702 Radulfo
759 636 876 701 comiti
897 636 942 700 ad
969 607 1242 708 locumiiaiii²⁸⁰

139 733 348 799 destinatum
369 755 449 800 eum
474 756 538 801 suo
556 737 712 801 exercitu
734 744 940 814 occurreret,
957 738 1086 802 restitit
1097 709 1223 808 iiiiii?

139 834 321 900 Wlstanus
354 835 595 918 Wigornensis
629 837 812 920 episcopus
845 856 923 900 cum
958 811 1194 920 magnaiiiid
1203 809 1246 908 issd

138 934 279 1000 militari
315 954 432 1013 manu,
472 943 508 1001 et
543 936 736 1018 AEgelwius
774 910 1252 1002 Eoveshamnensis⁰¹⁰⁰u²⁸⁰⁰“'

139 1037 247 1099 abbas
263 1055 341 1100 cum
357 1036 441 1114 suis,
457 1037 574 1101 ascitis
592 1037 658 1101 sibi
672 1038 709 1101 in
725 1037 934 1122 adjutorium
951 1036 1088 1103 Ursone

139 1135 340 1201 vicecomite
356 1136 548 1218 wigornae,
563 1144 599 1202 et
613 1136 772 1202 Waltero
794 1138 836 1202 de
853 1137 992 1216 Laoei0,
1009 1158 1088 1203 cum

139 1235 248 1318 copiis
276 1237 361 1313 suis,
392 1243 428 1301 et
456 1246 583 1302 caetera
613 1238 832 1301 multitudiue
864 1238 985 1320 plebis.
1037 1238 1089 1304 At

140 1355 222 1400 vero
261 1335 414 1401 Radulso
458 1337 589 1415 comiti,
628 1358 737 1421 prope
776 1336 1089 1421 Grantebrycgiam

140 1437 412 1513 castrametanti,
440 1436 518 1502 Odo
540 1439 740 1503 Baiocensis
760 1439 956 1521 episcopus,
982 1437 1091 1503 frater

140 1537 244 1618 regis
281 1544 318 1602 et
354 1536 538 1603 Gossridus
578 1537 854 1603 constantiensis
893 1538 1090 1621 episcopua,

140 1645 352 1720 congregata
377 1657 505 1721 magna
525 1639 638 1720 copia,
662 1646 735 1703 tam
760 1638 955 1721 Auglorum
983 1657 1089 1720 quom

141 1736 449 1816 Nortmannorum,
479 1738 523 1803 ad
550 1739 678 1803 bellum
709 1739 824 1820 parati
853 1746 1088 1803 occurrerunt.

142 1836 225 1920 Ipse
241 1845 358 1903 autem
375 1857 457 1903 suos
474 1845 620 1904 conatus
641 1838 807 1902 infirmari
830 1856 984 1914 cernens,
1000 1837 1089 1901 mul·

139 1938 320 2002 titudinem
337 1940 571 2003 resistentium
586 1937 728 2016 veritus,
745 1938 789 2002 ad
800 1937 981 2002 Northwic
995 1936 1089 2002 clan-

140 2037 219 2103 culo
236 2038 374 2122 refirgit,
392 2046 427 2105 et
444 2039 587 2104 castello
602 2059 675 2104 suae
698 2038 840 2123 conjugi
856 2037 1090 2120 militibusque

140 2139 213 2202 suis
244 2140 494 2218 commendato,
525 2159 667 2206 ascensa
696 2139 778 2204 navi
811 2139 854 2203 de
885 2137 1015 2220 Anglia
1044 2139 1090 2203 ad

140 2238 305 2304 minorem
322 2241 550 2323 Brytanniam
569 2240 677 2322 sugit:
702 2258 805 2322 quem
825 2239 1016 2321 fugientem
1028 2239 1089 2304 ad·

141 2341 286 2405 versarii
308 2340 400 2404 iilius
416 2341 572 2418 insecuti,
591 2359 709 2405 omnes
724 2359 812 2423 quos
836 2340 879 2404 de
904 2341 976 2404 suis
999 2359 1089 2404 com·

139 2440 350 2522 prehendere
372 2448 533 2524 poterant
555 2441 612 2506 vel
634 2439 892 2516 interemerunt,
907 2439 962 2505 vel
977 2439 1090 2504 diver-

141 2541 190 2604 sis
206 2541 316 2606 modis
332 2542 610 2607 debilitaverunt.
662 2542 752 2605 Dein
776 2541 948 2623 principes
963 2539 1088 2605 castel·

140 2640 212 2705 lum
241 2641 372 2706 tamdiu
405 2641 623 2718 obsederunt,
651 2641 765 2723 quoad
790 2661 878 2723 pace
905 2641 988 2705 data
1009 2660 1087 2724 per-

142 2743 248 2806 missu
265 2742 368 2825 regis,
385 2743 569 2807 comitissae
592 2762 670 2806 cum
692 2742 765 2806 suis
789 2744 885 2806 exire
899 2741 942 2805 de
959 2738 1089 2823 Anglia

139 2841 272 2908 liceret.
338 2843 408 2907 His
430 2844 551 2926 gestis,
567 2863 630 2908 rex
656 2842 847 2907 autumnali
869 2849 1022 2924 tempore
1044 2840 1088 2904 de

142 2941 359 3008 Normannia
374 2943 521 3021 rediens,
545 2944 705 3008 comitem
720 2943 898 3025 Rogerum
915 2941 950 3005 iu
973 2946 1088 3004 custo÷

141 3042 200 3107 dia
214 3044 330 3126 posuit
343 3064 352 3124 3
378 3045 538 3109 comitem
560 3044 666 3108 etiam
681 3042 931 3119 Waltheofum,
946 3041 1027 3106 licet
1043 3040 1088 3105 ab

142 3163 183 3208 eo
206 3145 474 3209 misericordiam
503 3145 707 3227 expetierat,
739 3143 905 3208 custodiae
933 3141 1087 3206 tradidit.

143 3243 306 3326 Edgitha,
317 3246 413 3327 regis·
422 3245 458 3308 H
461 3245 571 3310 aroldi
580 3263 757 3326 germana,
769 3244 943 3327 quondam
952 3240 1087 3324 Anglo·
1101 3269 1176 3311 ausen

1046 3342 1089 3407 19
1101 3320 1199 3369 naemu
1204 3318 1239 3360 ob.

143 3364 219 3407 rum
232 3345 364 3426 regina,
378 3346 542 3412 Decemb.
554 3364 682 3423 mense,
693 3362 770 3408 xlv.
777 3343 845 3410 kal.
858 3344 882 3410 J
884 3343 1017 3408 anuarii
1029 3344 1043 3424 [

143 3445 247 3527 Dee]
261 3445 408 3510 decessit
418 3445 624 3520 Wintoniae3
638 3444 737 3529 cujus
751 3463 876 3526 corpus
888 3444 979 3526 regis
985 3442 1089 3527 jussu

143 3544 359 3610 Lundoniam
370 3545 534 3622 delatum,
541 3544 647 3629 juxta
658 3564 783 3626 corpus
792 3544 922 3609 domini
931 3543 985 3607 sui
997 3543 1089 3624 regis

143 3645 325 3711 Eadwardi
336 3645 519 3711 honorifice
534 3654 586 3710 est
598 3646 634 3709 in
650 3643 960 3711 Westmonasterio
974 3650 1089 3707 tumu-

142 3745 271 3827 latum3
294 3747 353 3810 ubi
370 3766 434 3810 rex
455 3747 616 3828 proxima
633 3744 829 3810 Nativitate
845 3744 976 3809 curiam
990 3763 1090 3807 suam

143 3847 266 3924 tenuit,
298 3853 334 3911 et
364 3866 409 3910 ex
448 3847 497 3910 eis
535 3846 594 3929 qui
625 3852 747 3912 contra
789 3845 886 3908 illum
922 3844 1089 3908 cervicem

108 3943 111 3950 ’
142 3954 336 4024 erexerant,
360 3946 403 4011 de
421 3945 550 4028 Anglia
573 3946 741 4028 quosdam
773 3944 961 4028 exlegavit,
986 3961 1090 4026 quos-

141 4047 221 4111 dam
247 4049 355 4112 erutis
372 4048 492 4123 oculis
510 4047 564 4112 vel
587 4048 745 4111 manibus
769 4044 950 4120 truncatiS,
974 4043 1090 4106 detur·

141 4149 247 4228 pavit.
301 4148 453 4213 Comites
474 4167 556 4213 vero
573 4146 811 4212 Waltheofum
840 4153 876 4210 et
901 4145 1090 4225 Rogerum,
