2918 4866
437 393 629 442 rnoanurn
657 392 936 442 wrconmnrtsrs.
1088 380 1154 447 243

203 553 282 617 dum
300 551 471 616 collocari.
523 551 660 615 Bellum
671 552 899 615 saevissimum
916 559 952 615 et
969 560 1150 619 cruentum
1164 573 1312 614 unnim

206 654 298 717 inter
327 651 525 733 Norwagiae
554 659 589 715 et
616 652 737 715 Daciae
767 671 875 733 reges
902 652 938 716 in
964 672 1033 735 quo
1058 657 1150 737 apud
1163 625 1313 724 lilith„

206 752 380 817 Schonore
394 753 431 816 in'
448 753 560 816 Dacia
575 751 618 814 de
639 750 946 833 Norwagiensihus
965 773 1055 818 caesa
1071 763 1152 820 sunt

205 857 305 929 W,
344 853 519 917 Dacorum
562 852 717 915 exercitu
753 871 821 916 non
860 853 970 917 multo
1010 855 1150 921 violato.

208 952 369 1033 Rogerus
388 953 504 1034 Bigot,
529 971 644 1016 comes
665 951 890 1028 Nort'olchiae,
911 960 945 1016 et
968 956 1301 1020 marescal-naason

1164 1022 1197 1060 Ro
1211 1032 1234 1060 or
1243 1020 1312 1069 Blgot,

205 1050 259 1114 lus
274 1051 425 1134 ciogliae,
445 1053 602 1117 traduxit
620 1052 780 1128 Alidem,
800 1051 906 1115 filiam
920 1052 1093 1118 lobannis
1108 1056 1151 1120 de
1164 1033 1261 1161 {gfffgfh

206 1149 382 1235 AveyneS,
409 1153 544 1216 comitis
568 1151 793 1234 Agennogiae.
844 1151 868 1216 J
872 1152 1036 1230 ohannes,
1058 1154 1151 1219 filius
1164 1173 1211 1262 ξιξ
1212 1171 1310 1270 girarrrgtoess

206 1257 241 1316 et
266 1252 377 1316 haeres
404 1252 575 1317 Johannis
599 1250 696 1316 ducis
723 1251 934 1330 Brabantiae‚
965 1261 1064 1336 patre
1087 1274 1151 1319 suo
1164 1272 1286 1311 mamerto

207 1369 284 1416 curn
322 1352 458 1417 infinita
493 1371 673 1435 procerum
710 1352 928 1416 multitudine
969 1363 1151 1437 praesente,
1163 1321 1267 1421 hhh‘ifs

208 1451 458 1535 Margaretam,
487 1452 593 1516 filiam
616 1452 708 1533 rogis
737 1450 887 1533 Angliae,
909 1469 957 1516 vr.
990 1454 1037 1517 id.
1062 1454 1086 1518 J
1091 1455 1150 1518 ulii

208 1552 267 1635 [10
293 1553 317 1617 J
320 1552 384 1635 nl]
423 1551 516 1636 apud
550 1551 900 1617 westmonasterium
939 1552 1152 1617 sollemniter

206 1652 440 1735 desponsavit.
488 1652 610 1717 Omnis
626 1651 760 1716 fruetus
773 1671 834 1735 per
849 1658 959 1716 totam
971 1651 1151 1733 Angliam,

207 1759 279 1816 tam
301 1752 522 1833 gardinorum
540 1771 643 1834 quam
659 1752 763 1815 etiam
781 1750 925 1835 sepium,
946 1752 1057 1835 pomis
1073 1772 1150 1817 cum
1180 1739 1183 1745 ’
1218 1804 1222 1813 .

203 1851 387 1933 glandibus
419 1858 593 1934 uteunque
616 1851 780 1934 exceptis,
803 1850 1011 1915 defecerunt.
1062 1851 1152 1917 Wil-
1165 1866 1302 1956 Qatnu.

205 1950 339 2029 lelmus,
369 1952 518 2016 Eliensis
543 1950 685 2028 electus,
715 1968 769 2014 rx.
794 1949 865 2014 kal.
896 1951 1059 2015 Decemb.
1093 1927 1291 2037 [solstitii

209 2050 332 2138 Nov.]‚
348 2053 385 2116 in
399 2051 610 2117 sacerdotem
624 2050 814 2128 ordinatus,
830 2051 941 2133 primo
955 2050 1011 2114 die
1025 2052 1152 2116 mensis

208 2149 346 2229 Octob„
375 2152 467 2234 apud
495 2151 574 2234 Ely,
596 2151 633 2214 in
659 2151 805 2215 ecclesia
829 2151 871 2214 B.
901 2150 1025 2214 Mariae
1049 2171 1151 2234 paro-

204 2249 318 2328 chiali,
334 2272 355 2316 a
370 2251 507 2315 domino
525 2251 547 2315 J
551 2250 697 2328 ohanne,
715 2250 973 2334 archiepiscopo
987 2249 1151 2314 Cantuar.

205 2369 282 2415 cum
304 2351 536 2415 sollemnitate
560 2352 748 2433 praecipua,
763 2351 800 2414 in
817 2351 1016 2434 episcopum
1034 2350 1152 2415 Ellen-

203 2469 275 2514 sem
308 2459 361 2516 est
395 2459 626 2516 consecratus,
690 2450 733 2514 In
765 2450 865 2533 cujus
906 2451 1149 2515 sollemnitatis
1162 2463 1303 2554 &annena

204 2550 355 2615 crastino
370 2550 558 2615 celebravit
579 2549 703 2615 ibidem
724 2550 905 2614 concilium
922 2569 1022 2613 suum
1038 2550 1149 2613 archi·
1188 2526 1210 2565 '⁹

203 2651 385 2735 episcopus
411 2649 644 2733 supradictus,
669 2670 748 2714 cum
772 2649 998 2731 suffraganeis
1020 2648 1093 2712 suis
1115 2656 1151 2713 et

206 2750 284 2814 aliis
313 2750 355 2814 de
386 2750 478 2814 clero
505 2750 632 2814 ibidem
666 2749 960 2814 convenientibus
1013 2747 1056 2810 In
1080 2768 1149 2831 quo
1161 2762 1296 2852 irath„

204 2850 348 2915 concilio
366 2869 531 2914 concessa
545 2857 598 2914 cst
620 2849 758 2912 domino
783 2849 856 2931 regi
871 2868 891 2913 a
909 2848 1001 2911 clero
1017 2847 1150 2911 decima
1162 2823 1262 2912 cignus
1298 2824 1309 2850 Β

205 2950 355 3015 omnium
378 2951 545 3014 bonorum
559 2948 789 3032 spiritualium
801 2968 864 3031 per
878 2967 985 3011 unum
1000 2966 1128 3010 annum
1140 2968 1149 3027 3

202 3048 253 3113 ita
279 3056 395 3114 tamen
426 3057 465 3113 ut
496 3068 564 3113 non
598 3048 782 3129 colligatur
810 3047 944 3111 decima
972 3047 1041 3111 ista
1069 3054 1149 3112 ante
1252 3113 1256 3119 ,

205 3148 329 3214 festum
363 3151 399 3214 S.
429 3149 612 3212 Michaelis
646 3146 705 3234 [29
741 3146 854 3233 Sept]
883 3166 974 3210 anno
993 3147 1150 3228 proxime

206 3256 363 3315 venturo.
418 3247 572 3331 Accepta
603 3268 624 3312 a
657 3248 765 3312 totius
794 3245 933 3327 Angliae
961 3247 1147 3311 communi·
1162 3260 1281 3351 3323?

205 3356 277 3414 tate
321 3351 473 3414 omnium
523 3349 688 3413 honorum
728 3346 967 3431 temporalium
1011 3346 1149 3429 quinta·
1263 3337 1268 3348 ’

204 3448 349 3527 decima,
371 3450 529 3513 dominus
545 3468 607 3513 rex
632 3466 763 3523 omnes,
787 3446 1024 3529 cujuscunque
1043 3465 1150 3510 sexus

204 3556 265 3612 aut
294 3550 422 3626 aetatis,
448 3569 509 3631 per
538 3548 735 3612 universam
760 3547 925 3627 Angliam
955 3546 1150 3610 habitantes
1162 3558 1315 3650 fflgjgnof

202 3646 226 3710 J
229 3649 360 3726 udaeos,
374 3650 505 3732 absque
517 3667 579 3730 spe
591 3646 778 3723 remeandi,
791 3653 959 3729 perpetuo
974 3646 1151 3710 damnavit
1267 3636 1272 3647 ’

195 3748 321 3812 exilio.
375 3749 548 3830 Rogatus,
565 3748 674 3813 abbas
697 3747 732 3811 S.
751 3744 891 3820 Albani,
908 3747 1001 3810 circa
1026 3745 1151 3810 festum

203 3845 365 3911 Omnium
394 3848 612 3923 Sanctorum,
636 3847 671 3910 in
702 3847 853 3910 crastino
881 3843 1085 3909 Animarum
1114 3842 1151 3928 [3

202 3946 314 4033 Nom]
342 3949 378 4011 in
406 3948 480 4012 fata
502 3946 671 4026 decessit3
696 3947 752 4009 cui
778 3947 946 4010 successit
972 3944 1151 4009 Johannes

201 4047 244 4109 de
272 4047 553 4123 Berchamstede,
568 4046 723 4129 ejusdem
740 4045 808 4110 loci
831 4044 1029 4109 monachus.
1078 4043 1152 4106 Ro·

198 4145 329 4224 bertus,
346 4149 453 4212 abbas
471 4147 514 4213 de
533 4146 730 4229 Radingge,
748 4165 822 4210 suae
843 4146 948 4210 cessit
963 4143 1150 4225 dignitati;

964 4269 1015 4314 ah
