2918 4866
442 409 634 458 runuuru
661 407 939 459 wruoanmnsrs.
1102 395 1168 461 215

214 565 359 630 emendo
397 573 432 630 et
474 565 652 630 vendendo
687 565 964 630 Christianorum
999 565 1295 632 habentesamu..

213 673 466 730 mercatorum:
497 673 532 730 et
570 665 663 748 quod
700 665 845 748 quilibet
881 685 1011 743 eorum,
1046 637 1302 750 cujus-iiiii.ming

212 785 348 847 cunque
366 766 491 842 aetatis,
515 773 641 841 status,
657 772 719 828 aut
737 784 854 842 sexus,
878 766 950 848 regi
967 785 1030 847 pro
1048 769 1163 848 capite

213 883 276 929 suo
289 870 372 928 'tres
401 865 560 929 denarios
588 865 693 929 daret
715 866 912 930 aunuatimt
951 873 986 930 et
1013 866 1073 949 qui
1095 866 1161 932 hac
1183 916 1185 920 -

212 964 406 1029 conditione
444 974 538 1029 stare
568 965 675 1029 nollet
704 971 795 1033 autc
824 964 962 1030 Pascha
1001 967 1184 1047 proxime‘

212 1084 361 1146 sequens
379 1062 1160 1150 [14Apr.]Angliamsua-praeseutiavacaret.
1206 1125 1209 1129 .

211 1165 381 1230 Dominus
415 1185 477 1228 rex
507 1165 652 1246 protulit
683 1163 890 1229 sententiam
926 1173 1047 1228 contra
1082 1165 1160 1229 hur-
1171 1181 1253 1222 Mulon

211 1280 335 1346 gauses
359 1263 535 1339 Norwicii‚
552 1263 643 1347 quod
663 1264 823 1329 videlicet
844 1284 908 1348 pro
934 1263 1062 1347 injuria
1083 1284 1158 1329 cor·
1170 1231 1305 1322 {illidii}

211 1365 287 1446 pori
300 1363 430 1428 Christi
443 1364 541 1428 illata
552 1363 726 1446 quoddam
738 1383 800 1428 vas
815 1384 958 1429 aureum
974 1365 1017 1428 ad
1034 1384 1159 1448 corpus
1171 1332 1308 1373 “mm

211 1463 342 1529 Christi
369 1464 634 1539 recondendum,
661 1463 762 1545 pretii
790 1481 821 1527 c.
846 1464 936 1540 libr.
962 1465 1158 1547 sumptibus

210 1565 284 1627 suis
310 1564 482 1628 facerent.
516 1564 571 1627 Et
603 1564 696 1646 quod
721 1583 785 1646 pro
815 1564 944 1648 injuria
973 1567 1157 1629 conventui

210 1663 321 1740 illata,
376 1664 444 1727 tria
494 1663 602 1727 millia
657 1682 849 1727 marcarum
898 1664 1157 1729 contribuerunt

207 1763 349 1843 eisdem,
366 1763 456 1826 infra
470 1763 672 1828 sexennium
689 1763 874 1827 solvenda:
898 1763 1058 1827 videlicet
1071 1783 1157 1845 quo-

209 1863 295 1927 libet
326 1882 418 1927 anno
447 1864 655 1945 quingentas
687 1882 831 1928 marcas.
883 1863 930 1927 Et
959 1862 1049 1945 quod
1083 1865 1156 1946 epi·

207 1983 333 2045 scopus
361 1965 554 2045 sumptibus
584 1963 805 2044 burgensium
833 1981 1005 2027 unacum
1030 1961 1078 2025 eis
1112 1963 1155 2026 ad

207 2064 338 2126 curiam
361 2064 515 2127 mitteret
543 2063 749 2138 Romanarum
777 2062 820 2126 de
851 2081 937 2144 pace
961 2061 1078 2126 taliter
1100 2081 1156 2126 or·

209 2162 330 2228 dinata
350 2162 581 2226 testimonium
597 2161 842 2245 perhibiturus.
888 2162 936 2226 Et
961 2162 1054 2244 quod
1074 2180 1156 2225 con-

209 2271 333 2326 ventus
358 2263 504 2345 januam
531 2280 630 2325 suam
662 2281 732 2344 qua
763 2261 890 2327 vellent
919 2270 1030 2345 parte,
1056 2279 1157 2343 aquae

205 2361 379 2425 duntaxat
394 2369 554 2444 excepta,
565 2368 748 2438 mutarent,
762 2374 961 2426 remanente
973 2362 1057 2426 villa
1069 2381 1156 2443 quo·

208 2461 252 2524 ad
266 2462 465 2525 libertatum
480 2461 676 2542 burgulium
694 2462 935 2544 privationem,
950 2461 986 2525 in
1003 2480 1045 2525 eo
1060 2468 1153 2526 statu

206 2561 300 2643 quod
314 2561 380 2625 fuit
394 2561 450 2625 die
466 2580 536 2643 quo
552 2581 616 2624 rex
631 2570 731 2644 pater
742 2561 843 2626 vivus
858 2561 923 2625 fuit
938 2568 973 2624 et
989 2566 1154 2625 mortuus.

207 2660 380 2726 Dedicata
408 2668 462 2725 est
491 2660 627 2743 capella
656 2660 791 2743 prioris,
818 2661 855 2724 in
882 2660 1045 2725 honorem
1073 2679 1154 2723 sau-

208 2771 343 2824 ctorum
368 2770 558 2844 martyrum
582 2760 754 2824 Edmundi
779 2766 816 2824 et
839 2759 1015 2843 Stephani,
1045 2777 1067 2822 a
1093 2760 1154 2824 do-

207 2861 300 2925 mino
337 2861 514 2925 Willelmo
551 2859 730 2942 Ragusiae‚
767 2859 952 2924 Medorum
985 2858 1153 2940 archiepi-

205 2979 323 3043 scopo,
357 2961 412 3025 die
444 2960 650 3024 Sanctorum
683 2960 922 3024 Innocentium
954 2958 1014 3040 [28
1036 2958 1153 3040 Dec.].

207 3058 336 3125 Gravis
361 3068 397 3125 et
428 3060 655 3124 intolerabilis
683 3060 777 3124 facta
806 3066 861 3123 est
882 3059 1021 3123 exactio
1051 3077 1155 3141 super

203 3160 345 3225 decimis
372 3161 409 3224 in
436 3160 583 3226 concilio
615 3159 841 3241 Lugdunensi
871 3158 1053 3223 concessis.
1099 3158 1155 3223 De

205 3261 302 3326 nulla
328 3262 418 3325 enim
452 3261 599 3344 alicujus
628 3260 808 3323 taxatione
835 3259 987 3323 contenti
1016 3258 1177 3322 fuerunt.

203 3362 374 3426 dictarum
404 3361 613 3424 decimarum
643 3359 864 3434 collectores;
899 3359 1004 3423 immo
1038 3377 1150 3422 sacra·

205 3469 321 3524 mento
349 3459 576 3542 corporaliter
607 3460 765 3542 praestito
791 3459 836 3523 ad
858 3478 978 3523 verum
1002 3459 1155 3523 omnium

205 3566 434 3641 proventuum
456 3578 597 3623 suorum
618 3559 771 3623 valorem
794 3559 843 3622 eis
867 3579 926 3622 ore
945 3559 1085 3642 proprio
1106 3559 1153 3622 in-

204 3659 412 3724 sinuandum
429 3678 548 3724 omncs
571 3659 642 3723 fere
664 3666 700 3723 et
714 3659 869 3740 singulos
890 3658 1154 3741 compellebant.

206 3759 308 3823 Unde
342 3760 476 3824 decima
505 3759 674 3842 portionis
704 3767 896 3822 conventus
929 3759 964 3822 S.
983 3757 1156 3821 Edmundi
1191 3756 1194 3760 ’

203 3857 270 3923 suit
298 3875 430 3924 ouxm.
461 3878 579 3937 marc„
609 3875 663 3922 111.
690 3859 768 3936 sol„
786 3875 834 3921 vr.
863 3858 911 3935 d.,
939 3864 974 3922 et
1001 3858 1067 3921 hoc
1094 3876 1157 3940 per

202 3966 457 4023 sacramentum
475 3975 509 4023 u.
528 3959 772 4024 monachorum
796 3958 840 4021 ad
866 3957 940 4020 haec
962 3956 1158 4039 specialiter

196 4057 405 4141 juratorum.
441 4058 586 4123 Decima
600 4059 768 4141 portionis
783 4058 919 4122 abbatis
937 4056 1004 4120 fuit
1020 4065 1157 4120 eentum

200 4157 378 4223 librarum.
433 4157 546 4240 Ejecti
563 4164 642 4222 sunt
666 4158 782 4223 Judaei
805 4178 827 4223 a
851 4156 1079 4238 Cantabrigia
1095 4175 1157 4238 per
1169 4171 1280 4271 &diff
