<?xml version="1.0" encoding="UTF-8"?>
<!DOCTYPE html PUBLIC "-//W3C//DTD XHTML 1.0 Transitional//EN"
    "http://www.w3.org/TR/xhtml1/DTD/xhtml1-transitional.dtd">
<html xmlns="http://www.w3.org/1999/xhtml" xml:lang="en" lang="en">
 <head>
  <title>
</title>
<meta http-equiv="Content-Type" content="text/html;charset=utf-8" />
  <meta name='ocr-system' content='tesseract 3.04.00' />
  <meta name='ocr-capabilities' content='ocr_page ocr_carea ocr_par ocr_line ocrx_word'/>
</head>
<body>
  <div class='ocr_page' id='page_1' title='image "./florentiiwigorn02florgoog_0225.png"; bbox 0 0 2918 4866; ppageno 0'>
   <div class='ocr_carea' id='block_1_1' title="bbox 362 394 1055 461">
    <p class='ocr_par' dir='ltr' id='par_1_1' title="bbox 362 394 1055 461">
     <span class='ocr_line' id='line_1_1' title="bbox 362 394 1055 461; baseline -0.007 0"><span class='ocrx_word' id='word_1_1' title='bbox 362 394 430 461; x_wconf 72' lang='lat'>19⁸</span> <span class='ocrx_word' id='word_1_2' title='bbox 612 407 859 459; x_wconf 76' lang='lat' dir='ltr'>eonrrunarro</span> <span class='ocrx_word' id='word_1_3' title='bbox 881 408 1055 458; x_wconf 82' lang='lat' dir='ltr'>cnaouror</span> 
     </span>
    </p>
   </div>
   <div class='ocr_carea' id='block_1_2' title="bbox 198 567 1312 4279">
    <p class='ocr_par' dir='ltr' id='par_1_2' title="bbox 198 567 1312 4279">
     <span class='ocr_line' id='line_1_2' title="bbox 363 567 1310 654; baseline -0.003 -17"><span class='ocrx_word' id='word_1_4' title='bbox 363 573 478 637; x_wconf 81' lang='lat' dir='ltr'>biliter</span> <span class='ocrx_word' id='word_1_5' title='bbox 498 578 719 654; x_wconf 80' lang='lat' dir='ltr'>rogaverunt,</span> <span class='ocrx_word' id='word_1_6' title='bbox 739 578 780 635; x_wconf 89' lang='lat' dir='ltr'>nt</span> <span class='ocrx_word' id='word_1_7' title='bbox 800 570 886 654; x_wconf 85' lang='lat' dir='ltr'>ipsis</span> <span class='ocrx_word' id='word_1_8' title='bbox 908 567 1137 635; x_wconf 79' lang='lat' dir='ltr'><strong>mediantibus</strong></span> <span class='ocrx_word' id='word_1_9' title='bbox 1159 568 1310 652; x_wconf 88' lang='lat' dir='ltr'>pecunia</span> 
     </span>
     <span class='ocr_line' id='line_1_3' title="bbox 362 671 1311 756; baseline -0.001 -20"><span class='ocrx_word' id='word_1_10' title='bbox 362 673 537 756; x_wconf 77' lang='lat' dir='ltr'>regalibus</span> <span class='ocrx_word' id='word_1_11' title='bbox 565 671 769 746; x_wconf 87' lang='lat' dir='ltr'>traderetur,</span> <span class='ocrx_word' id='word_1_12' title='bbox 793 678 833 734; x_wconf 93' lang='lat' dir='ltr'>ut</span> <span class='ocrx_word' id='word_1_13' title='bbox 865 671 916 735; x_wconf 91' lang='lat' dir='ltr'>sic</span> <span class='ocrx_word' id='word_1_14' title='bbox 946 671 1088 736; x_wconf 87' lang='lat' dir='ltr'>libertas</span> <span class='ocrx_word' id='word_1_15' title='bbox 1120 689 1241 734; x_wconf 88' lang='lat' dir='ltr'>eorum</span> <span class='ocrx_word' id='word_1_16' title='bbox 1273 681 1311 735; x_wconf 89' lang='lat' dir='ltr'>et</span> 
     </span>
     <span class='ocr_line' id='line_1_4' title="bbox 363 769 1308 854; baseline -0.004 -15"><span class='ocrx_word' id='word_1_17' title='bbox 363 779 553 839; x_wconf 78' lang='lat' dir='ltr'>conventus</span> <span class='ocrx_word' id='word_1_18' title='bbox 567 771 702 836; x_wconf 90' lang='lat' dir='ltr'>illibata</span> <span class='ocrx_word' id='word_1_19' title='bbox 714 778 993 852; x_wconf 84' lang='lat' dir='ltr'>conservaretur3</span> <span class='ocrx_word' id='word_1_20' title='bbox 1016 769 1107 854; x_wconf 89' lang='lat' dir='ltr'>quod</span> <span class='ocrx_word' id='word_1_21' title='bbox 1126 777 1161 835; x_wconf 90' lang='lat' dir='ltr'>et</span> <span class='ocrx_word' id='word_1_22' title='bbox 1174 770 1308 835; x_wconf 83' lang='lat' dir='ltr'>factum</span> 
     </span>
     <span class='ocr_line' id='line_1_5' title="bbox 362 872 1309 954; baseline -0.005 -14"><span class='ocrx_word' id='word_1_23' title='bbox 362 874 448 939; x_wconf 81' lang='lat' dir='ltr'>fnit:</span> <span class='ocrx_word' id='word_1_24' title='bbox 480 872 645 937; x_wconf 87' lang='lat' dir='ltr'>dederunt</span> <span class='ocrx_word' id='word_1_25' title='bbox 668 890 819 954; x_wconf 87' lang='lat' dir='ltr'>namque</span> <span class='ocrx_word' id='word_1_26' title='bbox 840 873 915 954; x_wconf 82' lang='lat' dir='ltr'>regi</span> <span class='ocrx_word' id='word_1_27' title='bbox 940 872 1059 936; x_wconf 89' lang='lat' dir='ltr'>statim</span> <span class='ocrx_word' id='word_1_28' title='bbox 1089 888 1142 936; x_wconf 87' lang='lat' dir='ltr'>co.</span> <span class='ocrx_word' id='word_1_29' title='bbox 1159 890 1309 950; x_wconf 90' lang='lat' dir='ltr'>marcas,</span> 
     </span>
     <span class='ocr_line' id='line_1_6' title="bbox 362 971 1309 1054; baseline -0.003 -14"><span class='ocrx_word' id='word_1_30' title='bbox 362 973 479 1040; x_wconf 73' lang='lat' dir='ltr'>abbati</span> <span class='ocrx_word' id='word_1_31' title='bbox 493 981 608 1038; x_wconf 90' lang='lat' dir='ltr'>autem</span> <span class='ocrx_word' id='word_1_32' title='bbox 629 979 665 1037; x_wconf 88' lang='lat' dir='ltr'>et</span> <span class='ocrx_word' id='word_1_33' title='bbox 685 972 871 1038; x_wconf 88' lang='lat' dir='ltr'>conventui</span> <span class='ocrx_word' id='word_1_34' title='bbox 887 989 917 1036; x_wconf 86' lang='lat' dir='ltr'>c.</span> <span class='ocrx_word' id='word_1_35' title='bbox 934 972 1041 1037; x_wconf 89' lang='lat' dir='ltr'>libras</span> <span class='ocrx_word' id='word_1_36' title='bbox 1063 971 1309 1054; x_wconf 84' lang='lat' dir='ltr'>promiserunt.</span> 
     </span>
     <span class='ocr_line' id='line_1_7' title="bbox 199 1071 1309 1156; baseline -0.005 -13"><span class='ocrx_word' id='word_1_37' title='bbox 199 1094 306 1156; x_wconf 49' lang='lat' dir='ltr'>nem</span> <span class='ocrx_word' id='word_1_38' title='bbox 363 1074 465 1143; x_wconf 69' lang='lat' dir='ltr'>ffirca</span> <span class='ocrx_word' id='word_1_39' title='bbox 491 1073 616 1138; x_wconf 81' lang='lat' dir='ltr'>festum</span> <span class='ocrx_word' id='word_1_40' title='bbox 642 1071 678 1136; x_wconf 90' lang='lat' dir='ltr'>S.</span> <span class='ocrx_word' id='word_1_41' title='bbox 705 1071 877 1141; x_wconf 63' lang='lat' dir='ltr'>,lobannis</span> <span class='ocrx_word' id='word_1_42' title='bbox 908 1072 1080 1156; x_wconf 74' lang='lat' dir='ltr'>Baptistae</span> <span class='ocrx_word' id='word_1_43' title='bbox 1111 1072 1170 1155; x_wconf 74' lang='lat' dir='ltr'>[rt</span> <span class='ocrx_word' id='word_1_44' title='bbox 1190 1071 1309 1156; x_wconf 82' lang='lat' dir='ltr'>Jun.],</span> 
     </span>
     <span class='ocr_line' id='line_1_8' title="bbox 199 1149 1307 1256; baseline -0.001 -17"><span class='ocrx_word' id='word_1_45' title='bbox 199 1149 341 1253; x_wconf 57' lang='lat' dir='ltr'>imre</span> <span class='ocrx_word' id='word_1_46' title='bbox 360 1194 423 1240; x_wconf 80' lang='lat' dir='ltr'>rex</span> <span class='ocrx_word' id='word_1_47' title='bbox 460 1181 612 1240; x_wconf 85' lang='lat' dir='ltr'><strong>castrum</strong></span> <span class='ocrx_word' id='word_1_48' title='bbox 650 1170 693 1236; x_wconf 89' lang='lat' dir='ltr'>de</span> <span class='ocrx_word' id='word_1_49' title='bbox 728 1172 931 1239; x_wconf 76' lang='lat' dir='ltr'>Kenuworo</span> <span class='ocrx_word' id='word_1_50' title='bbox 968 1173 1122 1252; x_wconf 82' lang='lat' dir='ltr'>obsedit3</span> <span class='ocrx_word' id='word_1_51' title='bbox 1157 1172 1307 1256; x_wconf 89' lang='lat' dir='ltr'>deniqne</span> 
     </span>
     <span class='ocr_line' id='line_1_9' title="bbox 199 1244 1307 1357; baseline 0.001 -19"><span class='ocrx_word' id='word_1_52' title='bbox 199 1244 508 1357; x_wconf 46' lang='lat' dir='ltr'>ffffllegatus,</span> <span class='ocrx_word' id='word_1_53' title='bbox 537 1273 768 1338; x_wconf 79' lang='lat' dir='ltr'><strong>admonitione</strong></span> <span class='ocrx_word' id='word_1_54' title='bbox 805 1275 994 1356; x_wconf 85' lang='lat' dir='ltr'>praemissa,</span> <span class='ocrx_word' id='word_1_55' title='bbox 1027 1275 1187 1339; x_wconf 89' lang='lat' dir='ltr'>obsessos</span> <span class='ocrx_word' id='word_1_56' title='bbox 1227 1292 1307 1339; x_wconf 88' lang='lat' dir='ltr'>cum</span> 
     </span>
     <span class='ocr_line' id='line_1_10' title="bbox 200 1347 1312 1457; baseline -0.002 -16"><span class='ocrx_word' id='word_1_57' title='bbox 200 1347 266 1389; x_wconf 47' lang='grc' dir='ltr'>Μ</span> <span class='ocrx_word' id='word_1_58' title='bbox 360 1374 583 1457; x_wconf 86' lang='lat' dir='ltr'>complicibus</span> <span class='ocrx_word' id='word_1_59' title='bbox 595 1373 915 1439; x_wconf 86' lang='lat' dir='ltr'>excommunicavit.</span> <span class='ocrx_word' id='word_1_60' title='bbox 968 1374 1111 1439; x_wconf 79' lang='lat' dir='ltr'>Obsessi</span> <span class='ocrx_word' id='word_1_61' title='bbox 1128 1372 1312 1457; x_wconf 86' lang='lat' dir='ltr'>regalibus·</span> 
     </span>
     <span class='ocr_line' id='line_1_11' title="bbox 363 1475 1308 1559; baseline 0 -20"><span class='ocrx_word' id='word_1_62' title='bbox 363 1476 518 1552; x_wconf 87' lang='lat' dir='ltr'>viriliter,</span> <span class='ocrx_word' id='word_1_63' title='bbox 545 1475 746 1539; x_wconf 88' lang='lat' dir='ltr'>restiterunt</span> <span class='ocrx_word' id='word_1_64' title='bbox 771 1494 905 1539; x_wconf 88' lang='lat' dir='ltr'>necnon</span> <span class='ocrx_word' id='word_1_65' title='bbox 927 1475 1078 1559; x_wconf 90' lang='lat' dir='ltr'>plurima</span> <span class='ocrx_word' id='word_1_66' title='bbox 1102 1475 1308 1557; x_wconf 77' lang='lat' dir='ltr'>gravamina</span> 
     </span>
     <span class='ocr_line' id='line_1_12' title="bbox 362 1574 1307 1658; baseline 0 -18"><span class='ocrx_word' id='word_1_67' title='bbox 362 1576 552 1641; x_wconf 89' lang='lat' dir='ltr'>intulerunt</span> <span class='ocrx_word' id='word_1_68' title='bbox 570 1574 711 1639; x_wconf 89' lang='lat' dir='ltr'>eisdem.</span> <span class='ocrx_word' id='word_1_69' title='bbox 762 1576 916 1639; x_wconf 85' lang='lat' dir='ltr'>Tandem</span> <span class='ocrx_word' id='word_1_70' title='bbox 935 1584 1068 1658; x_wconf 81' lang='lat' dir='ltr'>treugae</span> <span class='ocrx_word' id='word_1_71' title='bbox 1085 1576 1173 1640; x_wconf 90' lang='lat' dir='ltr'>inter</span> <span class='ocrx_word' id='word_1_72' title='bbox 1189 1594 1307 1657; x_wconf 84' lang='lat' dir='ltr'>regem</span> 
     </span>
     <span class='ocr_line' id='line_1_13' title="bbox 362 1675 1307 1757; baseline 0 -17"><span class='ocrx_word' id='word_1_73' title='bbox 362 1684 397 1741; x_wconf 88' lang='lat' dir='ltr'>et</span> <span class='ocrx_word' id='word_1_74' title='bbox 431 1677 589 1740; x_wconf 88' lang='lat' dir='ltr'>obsessos</span> <span class='ocrx_word' id='word_1_75' title='bbox 621 1683 744 1757; x_wconf 87' lang='lat' dir='ltr'>coeptae</span> <span class='ocrx_word' id='word_1_76' title='bbox 776 1684 875 1740; x_wconf 90' lang='lat' dir='ltr'>erant</span> <span class='ocrx_word' id='word_1_77' title='bbox 916 1696 938 1740; x_wconf 92' lang='lat' dir='ltr'>a</span> <span class='ocrx_word' id='word_1_78' title='bbox 977 1676 1067 1741; x_wconf 87' lang='lat' dir='ltr'>festo</span> <span class='ocrx_word' id='word_1_79' title='bbox 1096 1675 1132 1740; x_wconf 90' lang='lat' dir='ltr'>S.</span> <span class='ocrx_word' id='word_1_80' title='bbox 1158 1675 1307 1740; x_wconf 88' lang='lat' dir='ltr'>Martini</span> 
     </span>
     <span class='ocr_line' id='line_1_14' title="bbox 364 1774 1305 1862; baseline -0.001 -21"><span class='ocrx_word' id='word_1_81' title='bbox 364 1777 422 1860; x_wconf 87' lang='lat'>[11</span> <span class='ocrx_word' id='word_1_82' title='bbox 440 1774 550 1862; x_wconf 70' lang='lat' dir='ltr'>Nou]</span> <span class='ocrx_word' id='word_1_83' title='bbox 570 1794 679 1858; x_wconf 91' lang='lat' dir='ltr'>usque</span> <span class='ocrx_word' id='word_1_84' title='bbox 699 1776 735 1839; x_wconf 90' lang='lat' dir='ltr'>in</span> <span class='ocrx_word' id='word_1_85' title='bbox 753 1776 984 1859; x_wconf 87' lang='lat' dir='ltr'>quadraginta</span> <span class='ocrx_word' id='word_1_86' title='bbox 1001 1777 1075 1841; x_wconf 92' lang='lat' dir='ltr'>dies</span> <span class='ocrx_word' id='word_1_87' title='bbox 1098 1783 1305 1859; x_wconf 87' lang='lat' dir='ltr'>sequentes;</span> 
     </span>
     <span class='ocr_line' id='line_1_15' title="bbox 362 1875 1307 1961; baseline 0 -20"><span class='ocrx_word' id='word_1_88' title='bbox 362 1879 399 1942; x_wconf 91' lang='lat' dir='ltr'>in</span> <span class='ocrx_word' id='word_1_89' title='bbox 424 1895 493 1959; x_wconf 92' lang='lat' dir='ltr'>quo</span> <span class='ocrx_word' id='word_1_90' title='bbox 518 1875 632 1959; x_wconf 88' lang='lat' dir='ltr'>spatio</span> <span class='ocrx_word' id='word_1_91' title='bbox 658 1875 758 1941; x_wconf 90' lang='lat' dir='ltr'>multi</span> <span class='ocrx_word' id='word_1_92' title='bbox 792 1876 834 1940; x_wconf 92' lang='lat' dir='ltr'>de</span> <span class='ocrx_word' id='word_1_93' title='bbox 860 1884 988 1954; x_wconf 88' lang='lat' dir='ltr'>castro,</span> <span class='ocrx_word' id='word_1_94' title='bbox 1021 1885 1106 1961; x_wconf 89' lang='lat' dir='ltr'>potu</span> <span class='ocrx_word' id='word_1_95' title='bbox 1133 1883 1307 1942; x_wconf 89' lang='lat' dir='ltr'>venenato</span> 
     </span>
     <span class='ocr_line' id='line_1_16' title="bbox 361 1975 1306 2053; baseline 0.001 -12"><span class='ocrx_word' id='word_1_96' title='bbox 361 1977 490 2053; x_wconf 82' lang='lat' dir='ltr'>infecti,</span> <span class='ocrx_word' id='word_1_97' title='bbox 528 1975 655 2041; x_wconf 89' lang='lat' dir='ltr'>mortui</span> <span class='ocrx_word' id='word_1_98' title='bbox 693 1985 786 2041; x_wconf 88' lang='lat' dir='ltr'>sunt.</span> <span class='ocrx_word' id='word_1_99' title='bbox 856 1977 1071 2042; x_wconf 89' lang='lat' dir='ltr'>Deficiebant</span> <span class='ocrx_word' id='word_1_100' title='bbox 1111 1976 1215 2042; x_wconf 88' lang='lat' dir='ltr'>etiam</span> <span class='ocrx_word' id='word_1_101' title='bbox 1256 1977 1306 2042; x_wconf 89' lang='lat' dir='ltr'>eis</span> 
     </span>
     <span class='ocr_line' id='line_1_17' title="bbox 363 2076 1306 2161; baseline -0.001 -19"><span class='ocrx_word' id='word_1_102' title='bbox 363 2076 538 2155; x_wconf 79' lang='lat' dir='ltr'>victualia,</span> <span class='ocrx_word' id='word_1_103' title='bbox 564 2097 627 2141; x_wconf 89' lang='lat' dir='ltr'>nec</span> <span class='ocrx_word' id='word_1_104' title='bbox 651 2076 806 2141; x_wconf 89' lang='lat' dir='ltr'>defectus</span> <span class='ocrx_word' id='word_1_105' title='bbox 834 2097 951 2141; x_wconf 89' lang='lat' dir='ltr'>eorum</span> <span class='ocrx_word' id='word_1_106' title='bbox 983 2078 1100 2161; x_wconf 90' lang='lat' dir='ltr'>aliquo</span> <span class='ocrx_word' id='word_1_107' title='bbox 1124 2078 1226 2160; x_wconf 81' lang='lat' dir='ltr'>signo</span> <span class='ocrx_word' id='word_1_108' title='bbox 1251 2097 1306 2141; x_wconf 89' lang='lat' dir='ltr'>re·</span> 
     </span>
     <span class='ocr_line' id='line_1_18' title="bbox 362 2176 1304 2261; baseline -0.001 -20"><span class='ocrx_word' id='word_1_109' title='bbox 362 2177 499 2261; x_wconf 67' lang='lat' dir='ltr'>palibus</span> <span class='ocrx_word' id='word_1_110' title='bbox 529 2176 673 2242; x_wconf 89' lang='lat' dir='ltr'>latebat.</span> <span class='ocrx_word' id='word_1_111' title='bbox 727 2176 837 2241; x_wconf 90' lang='lat' dir='ltr'>Erant</span> <span class='ocrx_word' id='word_1_112' title='bbox 864 2177 953 2241; x_wconf 93' lang='lat' dir='ltr'>enim</span> <span class='ocrx_word' id='word_1_113' title='bbox 970 2178 1061 2243; x_wconf 90' lang='lat' dir='ltr'>inter</span> <span class='ocrx_word' id='word_1_114' title='bbox 1082 2197 1141 2243; x_wconf 90' lang='lat' dir='ltr'>eos</span> <span class='ocrx_word' id='word_1_115' title='bbox 1165 2176 1304 2261; x_wconf 89' lang='lat' dir='ltr'>quidam</span> 
     </span>
     <span class='ocr_line' id='line_1_19' title="bbox 361 2276 1306 2358; baseline 0 -15"><span class='ocrx_word' id='word_1_116' title='bbox 361 2277 535 2358; x_wconf 81' lang='lat' dir='ltr'>rogalibus</span> <span class='ocrx_word' id='word_1_117' title='bbox 558 2276 726 2354; x_wconf 83' lang='lat' dir='ltr'>faventes,</span> <span class='ocrx_word' id='word_1_118' title='bbox 753 2284 789 2341; x_wconf 89' lang='lat' dir='ltr'>et</span> <span class='ocrx_word' id='word_1_119' title='bbox 816 2278 996 2342; x_wconf 89' lang='lat' dir='ltr'>consilium</span> <span class='ocrx_word' id='word_1_120' title='bbox 1019 2297 1137 2343; x_wconf 89' lang='lat' dir='ltr'>eorum</span> <span class='ocrx_word' id='word_1_121' title='bbox 1158 2277 1306 2343; x_wconf 89' lang='lat' dir='ltr'>occultis</span> 
     </span>
     <span class='ocr_line' id='line_1_20' title="bbox 361 2377 1306 2462; baseline 0.003 -21"><span class='ocrx_word' id='word_1_122' title='bbox 361 2377 469 2459; x_wconf 80' lang='lat' dir='ltr'>siguis</span> <span class='ocrx_word' id='word_1_123' title='bbox 485 2377 707 2460; x_wconf 87' lang='lat' dir='ltr'>propalantes</span> <span class='ocrx_word' id='word_1_124' title='bbox 722 2377 862 2456; x_wconf 87' lang='lat' dir='ltr'>eisdem,</span> <span class='ocrx_word' id='word_1_125' title='bbox 878 2380 928 2442; x_wconf 91' lang='lat' dir='ltr'>ita</span> <span class='ocrx_word' id='word_1_126' title='bbox 951 2386 991 2443; x_wconf 91' lang='lat' dir='ltr'>ut</span> <span class='ocrx_word' id='word_1_127' title='bbox 1007 2398 1182 2462; x_wconf 91' lang='lat' dir='ltr'>nunquam</span> <span class='ocrx_word' id='word_1_128' title='bbox 1200 2385 1306 2461; x_wconf 89' lang='lat' dir='ltr'>prout</span> 
     </span>
     <span class='ocr_line' id='line_1_21' title="bbox 362 2476 1303 2562; baseline 0.001 -19"><span class='ocrx_word' id='word_1_129' title='bbox 362 2476 490 2543; x_wconf 88' lang='lat' dir='ltr'>vellent</span> <span class='ocrx_word' id='word_1_130' title='bbox 502 2484 537 2542; x_wconf 91' lang='lat' dir='ltr'>et</span> <span class='ocrx_word' id='word_1_131' title='bbox 552 2484 712 2559; x_wconf 86' lang='lat' dir='ltr'>poterant</span> <span class='ocrx_word' id='word_1_132' title='bbox 723 2478 818 2542; x_wconf 84' lang='lat' dir='ltr'>exire</span> <span class='ocrx_word' id='word_1_133' title='bbox 833 2487 956 2543; x_wconf 90' lang='lat' dir='ltr'>contra</span> <span class='ocrx_word' id='word_1_134' title='bbox 971 2480 1106 2562; x_wconf 88' lang='lat' dir='ltr'>regales</span> <span class='ocrx_word' id='word_1_135' title='bbox 1118 2479 1303 2544; x_wconf 84' lang='lat' dir='ltr'>valebant:</span> 
     </span>
     <span class='ocr_line' id='line_1_22' title="bbox 362 2577 1307 2663; baseline 0.001 -20"><span class='ocrx_word' id='word_1_136' title='bbox 362 2578 421 2663; x_wconf 87' lang='lat' dir='ltr'>qui</span> <span class='ocrx_word' id='word_1_137' title='bbox 437 2577 576 2643; x_wconf 86' lang='lat' dir='ltr'>tandem</span> <span class='ocrx_word' id='word_1_138' title='bbox 594 2578 636 2642; x_wconf 88' lang='lat' dir='ltr'>de</span> <span class='ocrx_word' id='word_1_139' title='bbox 652 2579 845 2661; x_wconf 90' lang='lat' dir='ltr'>proditione</span> <span class='ocrx_word' id='word_1_140' title='bbox 868 2579 1017 2644; x_wconf 90' lang='lat' dir='ltr'>convicti</span> <span class='ocrx_word' id='word_1_141' title='bbox 1031 2579 1189 2663; x_wconf 89' lang='lat' dir='ltr'>suspensi</span> <span class='ocrx_word' id='word_1_142' title='bbox 1206 2587 1307 2644; x_wconf 91' lang='lat' dir='ltr'>erant</span> 
     </span>
     <span class='ocr_line' id='line_1_23' title="bbox 201 2675 1306 2789; baseline -0.004 -42"><span class='ocrx_word' id='word_1_143' title='bbox 201 2698 348 2789; x_wconf 52' lang='lat' dir='ltr'>prompt</span> <span class='ocrx_word' id='word_1_144' title='bbox 362 2679 398 2743; x_wconf 88' lang='lat' dir='ltr'>iu</span> <span class='ocrx_word' id='word_1_145' title='bbox 420 2683 545 2743; x_wconf 89' lang='lat' dir='ltr'>castro.</span> <span class='ocrx_word' id='word_1_146' title='bbox 590 2677 724 2761; x_wconf 83' lang='lat' dir='ltr'>Vigilia</span> <span class='ocrx_word' id='word_1_147' title='bbox 746 2679 883 2744; x_wconf 84' lang='lat' dir='ltr'>Sanctae</span> <span class='ocrx_word' id='word_1_148' title='bbox 902 2679 1019 2743; x_wconf 87' lang='lat' dir='ltr'>Luciae</span> <span class='ocrx_word' id='word_1_149' title='bbox 1038 2675 1097 2763; x_wconf 80' lang='lat'>[12</span> <span class='ocrx_word' id='word_1_150' title='bbox 1114 2676 1230 2764; x_wconf 90' lang='lat' dir='ltr'>Dec.],</span> <span class='ocrx_word' id='word_1_151' title='bbox 1245 2698 1306 2743; x_wconf 88' lang='lat' dir='ltr'>ca·</span> 
     </span>
     <span class='ocr_line' id='line_1_24' title="bbox 202 2750 1306 2861; baseline 0.001 -20"><span class='ocrx_word' id='word_1_152' title='bbox 202 2750 353 2851; x_wconf 52' lang='lat' dir='ltr'>welo</span> <span class='ocrx_word' id='word_1_153' title='bbox 363 2790 471 2845; x_wconf 80' lang='lat' dir='ltr'>strum</span> <span class='ocrx_word' id='word_1_154' title='bbox 487 2778 529 2841; x_wconf 90' lang='lat' dir='ltr'>de</span> <span class='ocrx_word' id='word_1_155' title='bbox 547 2775 751 2844; x_wconf 69' lang='lat' dir='ltr'>Kenilwor&#39;d</span> <span class='ocrx_word' id='word_1_156' title='bbox 765 2779 840 2861; x_wconf 78' lang='lat' dir='ltr'>regi</span> <span class='ocrx_word' id='word_1_157' title='bbox 854 2780 1025 2844; x_wconf 89' lang='lat' dir='ltr'>redditum</span> <span class='ocrx_word' id='word_1_158' title='bbox 1040 2780 1115 2845; x_wconf 83' lang='lat' dir='ltr'>fuit.</span> <span class='ocrx_word' id='word_1_159' title='bbox 1159 2778 1306 2844; x_wconf 85' lang='lat' dir='ltr'>Interim</span> 
     </span>
     <span class='ocr_line' id='line_1_25' title="bbox 199 2848 1306 2962; baseline 0.005 -23"><span class='ocrx_word' id='word_1_160' title='bbox 199 2848 346 2951; x_wconf 57' lang='lat' dir='ltr'>:illidi-o</span> <span class='ocrx_word' id='word_1_161' title='bbox 366 2897 438 2953; x_wconf 76' lang='lat' dir='ltr'>rex,</span> <span class='ocrx_word' id='word_1_162' title='bbox 452 2887 620 2961; x_wconf 85' lang='lat' dir='ltr'>praesente</span> <span class='ocrx_word' id='word_1_163' title='bbox 632 2879 750 2961; x_wconf 85' lang='lat' dir='ltr'>legato</span> <span class='ocrx_word' id='word_1_164' title='bbox 764 2887 799 2944; x_wconf 89' lang='lat' dir='ltr'>et</span> <span class='ocrx_word' id='word_1_165' title='bbox 814 2880 942 2943; x_wconf 89' lang='lat' dir='ltr'>circum</span> <span class='ocrx_word' id='word_1_166' title='bbox 953 2881 1182 2945; x_wconf 84' lang='lat' dir='ltr'>existentibus</span> <span class='ocrx_word' id='word_1_167' title='bbox 1200 2899 1306 2962; x_wconf 88' lang='lat' dir='ltr'>quam</span> 
     </span>
     <span class='ocr_line' id='line_1_26' title="bbox 199 2966 1307 3067; baseline -0.002 -22"><span class='ocrx_word' id='word_1_168' title='bbox 199 2966 307 3005; x_wconf 40' lang='lat'>*⁸³⁸*</span> <span class='ocrx_word' id='word_1_169' title='bbox 365 2978 518 3067; x_wconf 81' lang='lat' dir='ltr'>pluribus</span> <span class='ocrx_word' id='word_1_170' title='bbox 545 2980 765 3061; x_wconf 80' lang='lat' dir='ltr'>magnatibus</span> <span class='ocrx_word' id='word_1_171' title='bbox 788 2986 826 3043; x_wconf 88' lang='lat' dir='ltr'>et·</span> <span class='ocrx_word' id='word_1_172' title='bbox 849 2981 1002 3062; x_wconf 87' lang='lat' dir='ltr'>praelatis</span> <span class='ocrx_word' id='word_1_173' title='bbox 1028 2978 1178 3062; x_wconf 83' lang='lat' dir='ltr'>Angliae,</span> <span class='ocrx_word' id='word_1_174' title='bbox 1193 2980 1307 3043; x_wconf 90' lang='lat' dir='ltr'>indul·</span> 
     </span>
     <span class='ocr_line' id='line_1_27' title="bbox 361 3077 1303 3165; baseline 0 -20"><span class='ocrx_word' id='word_1_175' title='bbox 361 3078 511 3165; x_wconf 55' lang='lat' dir='ltr'>peruiam</span> <span class='ocrx_word' id='word_1_176' title='bbox 533 3077 663 3145; x_wconf 91' lang='lat' dir='ltr'>domini</span> <span class='ocrx_word' id='word_1_177' title='bbox 685 3099 787 3163; x_wconf 83' lang='lat' dir='ltr'>papae</span> <span class='ocrx_word' id='word_1_178' title='bbox 809 3080 972 3158; x_wconf 88' lang='lat' dir='ltr'>ostendit,</span> <span class='ocrx_word' id='word_1_179' title='bbox 994 3083 1030 3144; x_wconf 90' lang='lat' dir='ltr'>in</span> <span class='ocrx_word' id='word_1_180' title='bbox 1055 3101 1124 3163; x_wconf 93' lang='lat' dir='ltr'>quo</span> <span class='ocrx_word' id='word_1_181' title='bbox 1151 3081 1303 3145; x_wconf 91' lang='lat' dir='ltr'>contine·</span> 
     </span>
     <span class='ocr_line' id='line_1_28' title="bbox 362 3178 1306 3263; baseline -0.005 -13"><span class='ocrx_word' id='word_1_182' title='bbox 362 3182 463 3249; x_wconf 77' lang='lat' dir='ltr'>hatur</span> <span class='ocrx_word' id='word_1_183' title='bbox 502 3178 594 3263; x_wconf 90' lang='lat' dir='ltr'>qnod</span> <span class='ocrx_word' id='word_1_184' title='bbox 632 3179 789 3244; x_wconf 90' lang='lat' dir='ltr'>dominus</span> <span class='ocrx_word' id='word_1_185' title='bbox 827 3199 920 3261; x_wconf 92' lang='lat' dir='ltr'>papa</span> <span class='ocrx_word' id='word_1_186' title='bbox 962 3180 1111 3245; x_wconf 88' lang='lat' dir='ltr'>decimas</span> <span class='ocrx_word' id='word_1_187' title='bbox 1154 3181 1306 3245; x_wconf 89' lang='lat' dir='ltr'>omniurn</span> 
     </span>
     <span class='ocr_line' id='line_1_29' title="bbox 360 3279 1305 3364; baseline -0.006 -13"><span class='ocrx_word' id='word_1_188' title='bbox 360 3280 670 3351; x_wconf 65' lang='lat' dir='ltr'>ecclesiasticorum</span> <span class='ocrx_word' id='word_1_189' title='bbox 693 3288 924 3362; x_wconf 89' lang='lat' dir='ltr'>proventuum</span> <span class='ocrx_word' id='word_1_190' title='bbox 949 3279 1099 3364; x_wconf 85' lang='lat' dir='ltr'>Angliae,</span> <span class='ocrx_word' id='word_1_191' title='bbox 1115 3281 1305 3345; x_wconf 90' lang='lat' dir='ltr'>secundum</span> 
     </span>
     <span class='ocr_line' id='line_1_30' title="bbox 362 3379 1310 3464; baseline -0.007 -11"><span class='ocrx_word' id='word_1_192' title='bbox 362 3400 477 3453; x_wconf 77' lang='lat' dir='ltr'>turum</span> <span class='ocrx_word' id='word_1_193' title='bbox 512 3380 676 3457; x_wconf 87' lang='lat' dir='ltr'>valorem,</span> <span class='ocrx_word' id='word_1_194' title='bbox 705 3400 767 3462; x_wconf 91' lang='lat' dir='ltr'>per</span> <span class='ocrx_word' id='word_1_195' title='bbox 802 3379 986 3444; x_wconf 86' lang='lat' dir='ltr'>triennium</span> <span class='ocrx_word' id='word_1_196' title='bbox 1015 3382 1089 3464; x_wconf 82' lang='lat' dir='ltr'>regi</span> <span class='ocrx_word' id='word_1_197' title='bbox 1120 3382 1310 3460; x_wconf 86' lang='lat' dir='ltr'>concessit,</span> 
     </span>
     <span class='ocr_line' id='line_1_31' title="bbox 360 3479 1304 3571; baseline -0.01 -15"><span class='ocrx_word' id='word_1_198' title='bbox 360 3482 515 3571; x_wconf 65' lang='lat' dir='ltr'>rataptlr</span> <span class='ocrx_word' id='word_1_199' title='bbox 544 3482 643 3547; x_wconf 91' lang='lat' dir='ltr'>bonis</span> <span class='ocrx_word' id='word_1_200' title='bbox 670 3479 999 3562; x_wconf 89' lang='lat' dir='ltr'>Hospitalariorum,</span> <span class='ocrx_word' id='word_1_201' title='bbox 1027 3481 1304 3564; x_wconf 87' lang='lat' dir='ltr'>Templariorum</span> 
     </span>
     <span class='ocr_line' id='line_1_32' title="bbox 205 3581 1304 3691; baseline -0.007 -38"><span class='ocrx_word' id='word_1_202' title='bbox 205 3612 293 3691; x_wconf 50' lang='lat' dir='ltr'>resq</span> <span class='ocrx_word' id='word_1_203' title='bbox 361 3596 395 3659; x_wconf 70' lang='lat' dir='ltr'>st</span> <span class='ocrx_word' id='word_1_204' title='bbox 411 3581 700 3657; x_wconf 64' lang='lat' dir='ltr'>cisterciensium.</span> <span class='ocrx_word' id='word_1_205' title='bbox 739 3581 915 3645; x_wconf 85' lang='lat' dir='ltr'>Praeterea</span> <span class='ocrx_word' id='word_1_206' title='bbox 933 3590 1086 3666; x_wconf 90' lang='lat' dir='ltr'>tempore</span> <span class='ocrx_word' id='word_1_207' title='bbox 1102 3589 1304 3664; x_wconf 80' lang='lat' dir='ltr'>treugarum</span> 
     </span>
     <span class='ocr_line' id='line_1_33' title="bbox 198 3662 1304 3811; baseline -0.002 -63"><span class='ocrx_word' id='word_1_208' title='bbox 198 3662 461 3811; x_wconf 48' lang='lat' dir='ltr'>illpllllpsslaoloctl</span> <span class='ocrx_word' id='word_1_209' title='bbox 485 3684 623 3751; x_wconf 81' lang='lat' dir='ltr'>lberunt</span> <span class='ocrx_word' id='word_1_210' title='bbox 647 3698 715 3746; x_wconf 83' lang='lat' dir='ltr'>xu.</span> <span class='ocrx_word' id='word_1_211' title='bbox 744 3688 936 3764; x_wconf 81' lang='lat' dir='ltr'>magnates,</span> <span class='ocrx_word' id='word_1_212' title='bbox 963 3691 1034 3747; x_wconf 90' lang='lat' dir='ltr'>tam</span> <span class='ocrx_word' id='word_1_213' title='bbox 1058 3683 1174 3747; x_wconf 89' lang='lat' dir='ltr'>clerici</span> <span class='ocrx_word' id='word_1_214' title='bbox 1198 3701 1304 3765; x_wconf 92' lang='lat' dir='ltr'>quam</span> 
     </span>
     <span class='ocr_line' id='line_1_34' title="bbox 212 3756 1305 3873; baseline -0.005 -18"><span class='ocrx_word' id='word_1_215' title='bbox 212 3756 234 3797; x_wconf 51' lang='lat'>‘⁴</span> <span class='ocrx_word' id='word_1_216' title='bbox 250 3762 335 3809; x_wconf 60' lang='lat' dir='ltr'>err-rut.</span> <span class='ocrx_word' id='word_1_217' title='bbox 364 3786 454 3863; x_wconf 74' lang='lat' dir='ltr'>lrtlcl.</span> <span class='ocrx_word' id='word_1_218' title='bbox 467 3784 526 3873; x_wconf 77' lang='lat' dir='ltr'>qui</span> <span class='ocrx_word' id='word_1_219' title='bbox 537 3784 578 3850; x_wconf 87' lang='lat' dir='ltr'>de</span> <span class='ocrx_word' id='word_1_220' title='bbox 590 3782 830 3859; x_wconf 83' lang='lat' dir='ltr'>exhaeredatis,</span> <span class='ocrx_word' id='word_1_221' title='bbox 845 3783 956 3865; x_wconf 90' lang='lat' dir='ltr'>captis</span> <span class='ocrx_word' id='word_1_222' title='bbox 970 3782 1004 3846; x_wconf 90' lang='lat' dir='ltr'>in</span> <span class='ocrx_word' id='word_1_223' title='bbox 1029 3783 1133 3860; x_wconf 92' lang='lat' dir='ltr'>bello,</span> <span class='ocrx_word' id='word_1_224' title='bbox 1155 3783 1305 3866; x_wconf 86' lang='lat' dir='ltr'>captivis</span> 
     </span>
     <span class='ocr_line' id='line_1_35' title="bbox 361 3882 1304 3967; baseline -0.003 -16"><span class='ocrx_word' id='word_1_225' title='bbox 361 3898 397 3967; x_wconf 68' lang='lat' dir='ltr'>ot</span> <span class='ocrx_word' id='word_1_226' title='bbox 410 3885 559 3961; x_wconf 64' lang='lat' dir='ltr'>obtende</span> <span class='ocrx_word' id='word_1_227' title='bbox 581 3885 630 3949; x_wconf 90' lang='lat' dir='ltr'>sic</span> <span class='ocrx_word' id='word_1_228' title='bbox 648 3882 885 3967; x_wconf 88' lang='lat' dir='ltr'>providebant,</span> <span class='ocrx_word' id='word_1_229' title='bbox 901 3883 1072 3962; x_wconf 86' lang='lat' dir='ltr'>videlicet,</span> <span class='ocrx_word' id='word_1_230' title='bbox 1087 3883 1179 3967; x_wconf 90' lang='lat' dir='ltr'>quod</span> <span class='ocrx_word' id='word_1_231' title='bbox 1196 3882 1304 3966; x_wconf 89' lang='lat' dir='ltr'>aliqui</span> 
     </span>
     <span class='ocr_line' id='line_1_36' title="bbox 360 3983 1303 4066; baseline -0.007 -13"><span class='ocrx_word' id='word_1_232' title='bbox 360 3995 514 4065; x_wconf 49' lang='lat' dir='ltr'>caracui</span> <span class='ocrx_word' id='word_1_233' title='bbox 531 3985 630 4055; x_wconf 86' lang='lat' dir='ltr'>torris</span> <span class='ocrx_word' id='word_1_234' title='bbox 647 3985 718 4048; x_wconf 90' lang='lat' dir='ltr'>suis</span> <span class='ocrx_word' id='word_1_235' title='bbox 733 4004 795 4066; x_wconf 91' lang='lat' dir='ltr'>per</span> <span class='ocrx_word' id='word_1_236' title='bbox 812 4003 951 4062; x_wconf 91' lang='lat' dir='ltr'>annum,</span> <span class='ocrx_word' id='word_1_237' title='bbox 963 3983 1024 4047; x_wconf 89' lang='lat' dir='ltr'>alii</span> <span class='ocrx_word' id='word_1_238' title='bbox 1040 4005 1101 4066; x_wconf 91' lang='lat' dir='ltr'>per</span> <span class='ocrx_word' id='word_1_239' title='bbox 1117 3985 1303 4062; x_wconf 90' lang='lat' dir='ltr'>biennium,</span> 
     </span>
     <span class='ocr_line' id='line_1_37' title="bbox 361 4084 1303 4175; baseline -0.006 -22"><span class='ocrx_word' id='word_1_240' title='bbox 361 4088 512 4163; x_wconf 68' lang='lat' dir='ltr'>rrormulll</span> <span class='ocrx_word' id='word_1_241' title='bbox 528 4107 588 4175; x_wconf 78' lang='lat' dir='ltr'>por</span> <span class='ocrx_word' id='word_1_242' title='bbox 604 4085 797 4160; x_wconf 88' lang='lat' dir='ltr'>triennium,</span> <span class='ocrx_word' id='word_1_243' title='bbox 812 4085 950 4167; x_wconf 89' lang='lat' dir='ltr'>plurimi</span> <span class='ocrx_word' id='word_1_244' title='bbox 965 4104 1027 4167; x_wconf 89' lang='lat' dir='ltr'>per</span> <span class='ocrx_word' id='word_1_245' title='bbox 1043 4084 1303 4166; x_wconf 89' lang='lat' dir='ltr'>quadrennium,</span> 
     </span>
     <span class='ocr_line' id='line_1_38' title="bbox 361 4184 1304 4279; baseline -0.002 -28"><span class='ocrx_word' id='word_1_246' title='bbox 361 4194 515 4279; x_wconf 45' lang='lat' dir='ltr'>*der-ique</span> <span class='ocrx_word' id='word_1_247' title='bbox 545 4207 605 4275; x_wconf 83' lang='lat' dir='ltr'>por</span> <span class='ocrx_word' id='word_1_248' title='bbox 638 4184 919 4268; x_wconf 82' lang='lat' dir='ltr'>quinquennium,</span> <span class='ocrx_word' id='word_1_249' title='bbox 954 4194 988 4248; x_wconf 88' lang='lat' dir='ltr'>et</span> <span class='ocrx_word' id='word_1_250' title='bbox 1020 4185 1131 4250; x_wconf 92' lang='lat' dir='ltr'>ultimi</span> <span class='ocrx_word' id='word_1_251' title='bbox 1158 4205 1219 4267; x_wconf 91' lang='lat' dir='ltr'>per</span> <span class='ocrx_word' id='word_1_252' title='bbox 1250 4203 1304 4249; x_wconf 90' lang='lat' dir='ltr'>se·</span> 
     </span>
    </p>
   </div>
   <div class='ocr_carea' id='block_1_3' title="bbox 0 0 1464 4866">
    <p class='ocr_par' dir='ltr' id='par_1_3' title="bbox 0 0 1464 4866">
     <span class='ocr_line' id='line_1_39' title="bbox 0 0 1464 4866; baseline 0 0"><span class='ocrx_word' id='word_1_253' title='bbox 0 0 1464 4866; x_wconf 95' lang='lat' dir='ltr'> </span> 
     </span>
    </p>
   </div>
  </div>
 </body>
</html>
