2918 4866
353 408 420 473 27⁸
603 419 851 468 courrunumo
874 419 1051 468 cuuomcr

357 582 403 645 Et
420 598 623 663 responsum
641 586 695 642 est
711 580 756 655 ei,
774 586 844 642 tam
861 598 883 642 a
900 575 993 641 clero
1009 595 1110 660 quam
1129 596 1151 639 a
1167 573 1310 658 populo,

357 701 416 746 eos
438 681 534 745 nullo
552 679 653 743 modo
671 678 759 742 velle
780 679 846 742 hoc
869 677 1069 754 concedere,
1087 676 1147 740 sed
1173 675 1203 738 si
1227 693 1310 737 con·

359 784 508 862 tingeret
543 799 704 862 guerram
737 779 874 853 durare,
908 779 983 842 sine
1022 797 1083 860 spe
1120 775 1217 858 pacis
1255 794 1310 837 re-

359 882 558 957 formandae,
580 880 751 944 concessit
775 879 887 943 clerns
909 879 1089 955 decimam,
1105 885 1140 941 et
1161 874 1312 958 populus

359 982 597 1059 undecimam3
637 988 754 1044 tamen
787 980 889 1044 modo
918 979 985 1042 hoe
1016 997 1118 1042 anno.
1172 975 1220 1039 Et
1261 974 1314 1037 sic

360 1087 576 1145 recesserunt
592 1081 635 1143 ab
650 1081 809 1144 invicem.

198 1197 318 1288 gptbertffi
411 1180 611 1244 Gilebertus
637 1180 680 1243 de
704 1178 820 1256 Clare,
847 1198 961 1242 comes
991 1176 1202 1252 Gloverniae,
1230 1180 1314 1238 ante
1373 1243 1374 1247 ,

199 1258 329 1388 οτῗῗὲιῗοοε-
363 1280 492 1344 Natale
530 1279 683 1356 Domini,
715 1299 806 1343 anno
837 1279 984 1360 septimo
1023 1283 1102 1360 post
1135 1277 1314 1357 inceptum

198 1354 280 1396 ’Μ’
360 1381 564 1464 injuriosum
593 1378 779 1461 plurimum
806 1380 849 1443 de
878 1379 913 1442 la
946 1379 1113 1459 Bigging,
1143 1383 1178 1440 et
1206 1376 1315 1439 vitam

361 1480 474 1544 finivit
490 1488 524 1543 et
539 1480 723 1561 placitum3
747 1480 807 1561 qui
823 1478 917 1561 apnd
934 1476 1199 1556 Theukesbnrg,
1207 1475 1317 1558 juxta

361 1581 619 1663 progenitorum
649 1598 790 1642 suorum
816 1584 1049 1653 monumenta,
1073 1577 1235 1639 decenter
1262 1581 1317 1637 est

362 1681 566 1744 tumulatus.
608 1679 688 1743 Hoc
704 1674 806 1756 anno,
824 1678 975 1742 secundo
992 1677 1047 1741 die
1063 1676 1190 1740 mensis
1208 1674 1316 1738 Octo·

362 1782 446 1857 bris,
466 1780 624 1843 dominus
646 1778 834 1855 Robertus,
859 1778 1138 1860 archiepiscopus
1162 1774 1316 1839 Cantna-

364 1881 499 1954 riensis‚
519 1879 654 1942 insede
674 1899 739 1943 sua
760 1878 961 1961 pontificali,
978 1877 1116 1941 domino
1136 1895 1217 1956 rege
1238 1892 1318 1936 cum

364 1980 563 2062 proceribus
586 1985 621 2042 et
640 1980 745 2042 etiam
768 1976 840 2042 fere
866 1979 973 2042 totius
999 1976 1319 2057 archiepiscopatus

365 2080 418 2143 sui
441 2079 669 2159 suffraganeis
697 2078 938 2160 praesentibus,
963 2076 1163 2141 solemniter
1185 2081 1238 2138 est
1262 2074 1319 2137 in·

365 2178 592 2242 thronizatus.

205 2293 334 2384 {mg
416 2277 588 2341 Dominus
605 2277 758 2340 Thomas
783 2277 826 2340 de
845 2277 1042 2351 Turbevile,
1061 2276 1160 2340 miles
1177 2273 1320 2357 quidam

205 2394 325 2434 turbevile·
367 2376 410 2439 de
443 2376 602 2440 Marchia
632 2377 809 2453 oriundus,
837 2377 1045 2441 domesticus
1076 2384 1111 2440 et
1145 2373 1321 2457 praecipue

367 2476 497 2540 domini
513 2477 605 2558 regis
627 2474 763 2557 Angliae
788 2476 978 2553 familiaris,
997 2495 1076 2541 cum
1095 2475 1203 2558 ipsius
1227 2474 1321 2554 regis

368 2577 522 2640 exercitu
554 2577 598 2639 ad
630 2575 841 2641 Gasconiam
870 2585 923 2640 est
952 2576 1115 2652 directuS,
1149 2573 1208 2637 ubi
1242 2592 1321 2635 cum

368 2675 544 2740 nonnullis
560 2696 633 2740 suae
656 2676 787 2741 militiae
808 2675 1098 2741 commilitonibus
1117 2675 1152 2737 in
1170 2673 1322 2755 quodam

369 2776 530 2839 condictu
563 2796 585 2840 a
615 2777 827 2840 Francorum
857 2774 1012 2840 exercitu
1040 2781 1164 2856 captus
1193 2780 1258 2849 est,
1288 2782 1323 2836 et

369 2876 405 2937 in
428 2883 526 2939 arcta
549 2877 716 2951 custodia,
736 2878 802 2939 sub
824 2875 1010 2940 eorundem
1034 2880 1208 2957 potestate
1229 2891 1322 2937 com·

370 2975 565 3039 mandatus.
620 2976 761 3039 Interea
782 2977 825 3040 de
839 2995 920 3057 rege
936 2974 1074 3056 Angliae
1090 2972 1269 3048 tradendo,
1287 2980 1322 3036 et

333 3081 335 3086 '
370 3094 432 3156 per
461 3075 640 3138 consilium
671 3075 748 3158 ejus
777 3075 984 3152 seducendo,
1016 3075 1107 3138 inter
1141 3075 1257 3155 ipsum
1288 3079 1323 3135 et

371 3194 487 3256 regern
525 3174 683 3237 Franciae
712 3182 909 3240 tractatum.
976 3173 1057 3252 Quo
1089 3173 1194 3250 facto,
1224 3171 1325 3253 quasi

371 3274 499 3337 furtive
524 3275 688 3337 carcerali
718 3275 857 3358 elapsus
887 3273 1056 3350 custodia,
1083 3273 1125 3336 ad
1159 3271 1324 3353 Angliam

372 3373 484 3449 rediit,
501 3393 615 3453 regem
637 3373 734 3450 adiit,
750 3381 785 3438 et
805 3383 984 3456 gratanter
1004 3393 1026 3437 a
1041 3392 1124 3453 rege
1142 3373 1325 3448 admissus,

373 3472 437 3534 sub
465 3472 570 3535 ovina
586 3472 677 3554 pelle
706 3473 853 3555 pallians
878 3475 1047 3538 malitiam
1072 3491 1182 3536 suam.
1235 3470 1326 3535 Con-

373 3578 515 3635 venerat
527 3571 699 3654 'siquidem
724 3592 801 3636 cum
822 3595 903 3656 rege
921 3573 1089 3649 Franciae,
1106 3572 1199 3654 quod
1214 3578 1325 3635 totam

373 3669 550 3751 Angliam,
580 3678 692 3736 totam
717 3673 935 3751 Hiberniam,
959 3681 1070 3738 totam
1101 3671 1265 3748 Scotiam,
1291 3679 1327 3735 et

374 3779 484 3834 totam
521 3770 698 3847 Walliam,
728 3793 797 3837 uno
825 3781 870 3838 et
908 3774 1028 3839 eodem
1064 3779 1229 3854 tempore,
1261 3772 1326 3835 sub

374 3891 500 3951 guerra
528 3872 753 3937 constitueret
777 3874 953 3953 generali:
980 3881 1020 3937 ut
1048 3871 1218 3946 videlicet,
1244 3891 1326 3952 rege

374 3968 513 4050 Angliae
529 3978 600 4034 tam
617 3971 855 4054 multipliciter
877 3982 1058 4056 occupato,
1075 3972 1210 4035 navalis
1226 3990 1326 4034 exer-

374 4070 462 4134 citus
501 4072 593 4152 regis
633 4072 791 4162 Franciae
822 4074 865 4137 ad
906 4091 1145 4157 quemcunque
1183 4071 1327 4152 eligeret

376 4180 512 4250 portum
534 4169 686 4253 Angliae,
710 4172 804 4237 nullo
828 4175 1008 4238 resistente
1042 4173 1094 4236 vel
1119 4171 1327 4253 impediente
