2918 4866
362 406 554 455 rnonuurrr
582 405 861 457 wrooaurnusrs.
1020 392 1087 457 257

130 561 223 642 regis
253 570 373 626 contra
402 583 538 629 ornnem
570 563 754 640 bominem,
782 572 817 628 et
846 562 992 629 Henri'ci
1020 565 1108 638 tilii¹

129 662 194 738 sui,
235 663 336 726 salva
369 663 536 728 fidelitate
568 664 697 727 domini
729 665 833 746 regis,
865 664 976 745 patris
1012 665 1080 732 sui.

128 760 293 826 Testibus
323 762 389 839 his,
428 763 591 841 Ricardo,
622 764 785 846 episcopo
816 761 1011 841 Abrioensi,
1044 773 1080 831 et

128 861 284 925 caeteris?
354 862 422 925 His
457 863 575 946 itaque
612 864 765 928 recitatis
798 863 833 927 in
865 863 1011 928 ecclesia
1042 865 1078 929 S.

129 961 224 1029 Petri
250 961 409 1038 Eboraci,
425 981 540 1027 coram
569 963 743 1046 praedictis
769 963 908 1043 regibus
925 962 1076 1045 Angliae,

127 1069 162 1125 et
187 1080 303 1125 coram
327 1081 408 1142 rege
429 1062 567 1139 Scotiae,
595 1069 630 1126 et
654 1063 782 1139 David,
806 1062 914 1127 fratre
939 1082 1015 1140 suo,
1042 1073 1077 1130 et

126 1161 289 1225 universo
319 1162 461 1244 populo,
493 1160 658 1246 episcopi,
688 1170 724 1227 et
754 1163 909 1238 comites,
940 1171 975 1228 et
1014 1164 1078 1228 ba..

126 1280 239 1337 rones,
256 1268 291 1324 et
304 1261 431 1325 milites
451 1262 493 1326 de
512 1271 603 1326 terra
620 1262 711 1343 regis
728 1262 856 1327 Scotiae
867 1262 1076 1346 juraverunt

124 1360 263 1425 domino
295 1361 369 1442 regi
394 1360 542 1444 Angliae,
575 1369 610 1427 et
641 1361 796 1427 Henrico
827 1361 898 1426 filio
930 1382 1006 1440 suo,
1039 1371 1075 1427 et

124 1460 318 1525 haeredibus
349 1461 433 1539 suis,
463 1461 666 1527 fidelitatem
696 1469 816 1527 contra
841 1481 978 1526 omnem
1011 1462 1073 1527 ho·

125 1561 262 1638 minem,
280 1561 371 1628 sicut
387 1569 509 1628 contra
525 1561 700 1627 dominum
714 1561 836 1644 ligium
852 1561 979 1629 suum.¹

355 1822 448 1865 GARTA
468 1821 590 1865 blesum
610 1822 694 1864 usum
715 1820 839 1864 sudum.

177 1959 361 2038 RicarduS,
394 1963 461 2027 Dei
491 1962 606 2044 gratia
638 1982 700 2026 rex
730 1961 882 2043 Angliae,
915 1961 1206 2070 dominusgtirffiolr

127 2060 352 2125 Normanniae
390 2069 425 2126 et
458 2060 670 2144 Aquitaniae,
710 2080 824 2126 comes
859 2059 1073 2142 Andegavrae
1085 2080 1220 2171 affigas?

126 2160 406 2247 archiepiscopis,
446 2163 629 2244 episcopis,
665 2162 859 2238 abbatibus,
890 2161 1072 2227 comitibus
1084 2179 1229 2269 suffossus

125 2266 160 2324 et
176 2261 374 2339 baronibus,
390 2261 602 2347 justitiariis,
625 2262 895 2338 vicecomitibus,
911 2269 946 2326 et
962 2263 1070 2325 omni·
1084 2239 1203 2329 {⁸313an

126 2359 191 2423 bus
221 2359 386 2425 ministris
418 2368 454 2426 et
483 2361 641 2426 fidelibus
674 2361 746 2426 suis
779 2362 888 2427 totius
918 2330 1233 2442 Angliae,⁸¹¹‘¹⁸⁶¹'¹⁰k'

125 2459 284 2524 salutem.
351 2460 475 2525 Sciatis
508 2480 570 2524 nos
600 2461 778 2525 carissimo
815 2462 1074 2542 consanguineo

125 2567 244 2625 nostro
270 2560 459 2638 Willelmo,
485 2560 605 2624 eadem
632 2561 746 2642 gratia
768 2561 840 2642 regi
863 2560 1072 2638 Scottorum,

126 2658 314 2724 reddidisse
339 2661 485 2724 castella
513 2680 576 2724 sua
609 2658 823 2724 Roksburrae
840 2668 875 2724 et
898 2658 1071 2738 Berewik,

126 2765 291 2841 tanquam
306 2759 382 2843 ejus
400 2762 540 2842 propria
553 2761 633 2844 jure
648 2760 878 2836 haereditario,
905 2766 940 2823 et
963 2759 1072 2823 haere-

125 2858 226 2923 dibus
253 2859 326 2923 suis
349 2859 606 2942 inperpetuum
627 2860 846 2943 possidenda,
899 2857 1072 2924 Praeterea

125 2959 356 3040 quietavimus
373 2961 404 3023 ei
420 2979 538 3024 omnes
558 2960 806 3025 conventiones
826 2966 860 3022 et
878 2959 1071 3039 pactiones,

125 3078 212 3141 quas
245 3060 344 3123 bonae
376 3060 548 3124 momoriae
585 3067 686 3142 pater
723 3067 852 3136 noster,
895 3056 1069 3123 Henricus

124 3178 186 3221 rex
203 3157 354 3240 Angliac,
371 3179 434 3241 per
449 3179 556 3224 novas
572 3167 699 3236 cartas,
725 3164 760 3222 et
786 3178 849 3241 per
873 3157 1070 3239 captionem

124 3277 222 3322 suam
255 3260 424 3338 extorsit3
462 3260 512 3323 ita
548 3260 719 3335 videlicet,
753 3266 794 3322 ut
826 3257 925 3320 nobis
963 3256 1071 3323 faciat

123 3358 257 3440 integre
288 3368 323 3424 et
356 3358 509 3440 plenarie
539 3360 630 3441 quod
660 3377 724 3422 rex
752 3357 947 3422 Scottorum
977 3356 1069 3420 Mai-

123 3458 265 3534 colmus,
299 3458 405 3522 frater
436 3458 524 3543 ejus,
554 3457 831 3524 antecessoribus
862 3457 992 3521 nostris
1026 3457 1070 3520 de

119 3555 200 3639 jure
229 3557 322 3634 fecit,
355 3566 391 3623 et
421 3557 556 3642 dejure
588 3559 701 3623 facere
733 3557 862 3620 debuit.
928 3556 973 3620 Et
1006 3575 1069 3620 nos

124 3656 288 3721 faciemus
314 3659 344 3721 ei
374 3658 537 3740 quicquid
569 3666 804 3723 antecessores
835 3656 945 3719 nostri
979 3675 1069 3738 prae-

124 3756 216 3821 dicto
242 3757 431 3822 Mulcolmo
453 3758 496 3821 de
517 3757 597 3840 jure
621 3759 787 3833 secarunt,
814 3762 850 3819 et
873 3754 986 3818 facere
1011 3754 1071 3820 de,

123 3856 283 3933 buerunt,
296 3857 436 3934 scilicet,
449 3857 483 3920 in
500 3858 673 3921 conductu
687 3854 856 3921 veniendo
867 3853 909 3918 ad
926 3853 1070 3930 curiam,

122 4187 138 4234 d
160 4113 167 4142 ¹
184 4117 384 4236 Liggairirbsoam]
403 4117 527 4180 Compare
545 4117 597 4165 this
610 4114 674 4164 with
687 4115 790 4176 Rymer,
802 4127 820 4163 1.
834 4129 859 4175 p.
872 4116 913 4174 ³9,
924 4112 974 4161 and
986 4112 1072 4161 Hove·

141 4201 182 4250 en,
193 4203 219 4250 p.
305 4223 311 4236 .

173 4303 256 4353 ΤΟΜ.
276 4304 313 4354 11.
903 4297 922 4343 S
