2918 4866
179 624 183 630 ’
207 609 234 648 Δ.
242 606 268 646 Ι).
280 603 336 644 11⁰8.

195 673 320 714 chcenslon

196 728 290 764 between
299 723 337 761 the

195 776 249 824 king
258 773 300 813 end

197 825 288 866 Anselm

196 874 317 925 respecttng

196 925 344 966 investitum·

354 391 398 457 52
580 438 584 445 .
726 405 935 454 cusouroon
964 404 967 408 ’
1063 404 1073 410 ”

400 562 543 644 ‘Magna
559 560 729 626 discordia
747 560 841 627 facta
856 567 909 625 est
923 561 1014 625 inter
1030 578 1146 641 regem
1166 555 1308 621 Heinri-

357 666 436 728 cum
477 670 513 728 et
548 660 752 727 Anselmum
787 660 1094 743 archiepiscopum,
1131 678 1172 723 eo
1218 654 1309 739 quod

358 763 637 846 archiepiscopus
677 762 784 825 nollet
815 762 1007 826 consentire
1037 767 1077 824 ut
1107 779 1170 823 rex
1209 758 1308 822 daret

359 864 582 927 investituras
597 861 831 938 ecclesiarum,
846 863 958 944 neque
972 879 1187 936 consecrare,
1199 874 1310 940 neque

361 964 614 1028 communicare
625 962 668 1025 iis
679 962 804 1044 quibus
817 981 882 1025 rex
889 961 1118 1044 Jam'dederat
1128 959 1308 1032 ecclesias3

360 1064 445 1146 quia
459 1062 671 1145 apostolicus
688 1063 755 1125 sibi
770 1070 806 1125 et
819 1063 974 1125 omnibus
988 1061 1054 1125 hoc
1069 1059 1309 1126 interdixerat.

365 1163 462 1227 Unde
484 1182 546 1226 rex
567 1163 734 1244 praecepit
751 1161 921 1238 Gerardo,
939 1161 1197 1244 archiepiscopo
1217 1159 1308 1222 Ebo-

362 1264 507 1339 racensi,
531 1268 702 1345 quatenus
728 1268 946 1326 consecraret
967 1263 1160 1343 episcopos,
1184 1259 1309 1341 quihus

360 1364 435 1446 ipse
451 1383 514 1426 rex
524 1362 667 1428 dederat
686 1362 920 1438 investituras,
937 1362 1082 1440 scilicet,
1095 1360 1309 1424 Willelmum

363 1462 568 1541 Giffardum,
581 1468 616 1526 et
630 1462 832 1543 Rogerium,
844 1463 904 1546 qui
921 1462 990 1526 suit·
1006 1461 1206 1544 capellanus
1221 1459 1309 1543 ejus,

361 1563 417 1627 oui
456 1562 531 1646 jam
572 1561 714 1626 dederat
759 1563 1076 1647 Searesbyrieusem
1119 1560 1310 1625 ecclesiam.

284 1715 287 1721 .
363 1662 541 1728 Gerardus
566 1671 777 1746 praeceptum
801 1665 892 1744 regis
913 1663 1078 1745 suscepit,
1099 1662 1159 1724 sed
1173 1659 1310 1724 Willel·

363 1783 452 1840 muS,
468 1783 575 1827 causa
585 1763 745 1846 justitiae,
760 1763 846 1827 illud
861 1770 896 1827 et
915 1763 1185 1827 benedictionem
1204 1758 1312 1823 arehi-

364 1864 518 1947 episcopi
543 1861 691 1927 Gerardi
718 1864 861 1946 sprevit.
918 1863 1037 1942 Quare
1067 1863 1159 1944 regis
1180 1860 1312 1945 judicio

365 1965 437 2027 suis
467 1963 625 2028 omnibus
662 1964 871 2046 expoliatus,
902 1964 1101 2027 eliminatur
1129 1982 1151 2025 a
1183 1981 1310 2043 regn03

366 2064 484 2128 caeteri
507 2083 589 2127 vero
607 2063 837 2127 inconsecrati
856 2070 1105 2128 remanserunt.
1152 2061 1314 2143 Reignel-

367 2183 444 2227 mus
472 2171 588 2226 autem
623 2163 729 2246 paulo
762 2171 841 2228 ante
878 2164 1115 2247 episcopatum
1151 2160 1315 2226 Herefor-

367 2263 507 2327 densem
539 2263 613 2344 regi
638 2262 798 2341 reddidit,
824 2264 907 2349 qnia
931 2264 1103 2328 intellexit
1131 2283 1171 2329 se
1200 2262 1314 2327 Deum

367 2362 550 2426 offendisse
576 2364 612 2426 in
637 2362 714 2440 hoc,
740 2364 834 2445 quod
863 2365 906 2429 de
929 2384 1034 2429 manu
1060 2363 1141 2427 laici
1168 2362 1314 2446 alicujus

365 2463 607 2527 investituram
623 2464 777 2528 ecclesiae
791 2465 1013 2547 suscepisset.
1059 2464 1147 2529 Post
1160 2463 1235 2527 haec
1250 2483 1313 2527 rex

205 2595 295 2635 interm
306 2603 356 2643 με.
366 2563 478 2627 tenuit
490 2564 621 2627 curiam
633 2583 730 2627 suam
743 2565 779 2626 in
791 2563 1136 2629 PaschaWintoniae.
1187 2561 1314 2628 Ansel-

206 2650 229 2686 to
238 2646 315 2686 Rome.

209 3297 288 3337 Robert

208 3347 290 3387 κτήνει
300 3346 322 3386 ln

209 3397 316 3447 England.

208 3698 228 3735 Δ
237 3693 334 3744 prodlgy.

364 2682 443 2730 mus
460 2663 752 2746 archiepiscopus,
768 2673 848 2747 post
857 2665 984 2729 multas
999 2664 1146 2748 injurias
1156 2672 1191 2727 et
1205 2664 1315 2728 diver-

365 2782 424 2827 sas
447 2764 671 2828 contumelias
694 2783 781 2847 quas
803 2784 927 2847 passus
949 2771 1014 2842 est,
1037 2773 1180 2847 rogatus
1196 2783 1314 2846 aroge

367 2863 522 2946 perrexit
537 2863 700 2941 Romam,
716 2882 749 2927 v.
767 2863 837 2930 kal.
855 2865 942 2928 Maii
964 2865 1024 2946 [27
1037 2863 1157 2948 Apr.],
1177 2865 1268 2930 sicut
1282 2864 1316 2929 ei

366 2970 401 3028 et
426 2965 510 3046 regi
522 2965 695 3041 convenit,
717 2965 848 3029 habens
865 2965 901 3028 in
917 2965 1084 3029 comitatu
1100 2963 1314 3030 Willelmum

367 3063 414 3127 W
415 3063 622 3128 intoniensis
661 3064 815 3128 ecclesiae
854 3065 1001 3129 electum
1039 3065 1241 3142 antistitem,
1280 3071 1316 3128 et

368 3165 512 3228 abbates
526 3164 568 3228 de
583 3164 732 3228 abbatiis
741 3164 926 3247 depositos,
940 3165 1127 3229 Ricardum
1141 3165 1316 3228 Eliensem

369 3270 404 3326 et
431 3261 630 3327 Aldwinum
662 3263 932 3330 Ramesiensem.
984 3265 1177 3329 Rotbertus
1202 3283 1317 3330 comes

371 3361 613 3426 Nortmanniae
636 3365 731 3429 venit
753 3365 788 3429 in
808 3364 974 3448 Angliam
993 3365 1090 3448 loqui
1111 3365 1317 3430 cumfratre

364 3482 445 3539 suo,
471 3469 506 3526 et
526 3471 712 3545 antequam
732 3465 891 3530 rediisset
907 3466 950 3530 de
967 3464 1098 3547 Anglia
1114 3465 1318 3549 perdonavit

370 3568 423 3626 ter
440 3562 533 3627 mille
549 3582 682 3627 marcas
700 3566 849 3646 argenti,
863 3585 951 3648 quas
967 3586 1029 3630 rex
1043 3565 1211 3630 sibiomni
1227 3584 1319 3629 anno

369 3682 432 3745 per
454 3664 717 3728 conventionem
736 3664 882 3736 debuit.l
933 3666 977 3730 In
999 3666 1178 3749 provincia
1203 3666 1320 3743 etiam,

404 3887 544 3953 'betatap
574 3890 635 3942 Sar.
664 3890 768 3955 Chron„
789 3893 830 3944 W.
857 3894 926 3955 price
941 3895 970 3943 of
982 3894 1023 3944 his
1034 3895 1142 3957 liberty:
1159 3896 1252 3958 ‘quam
1264 3894 1322 3962 (pe-

369 3961 505 4010 Melmesb.
524 3974 553 4011 11.
567 3965 663 4023 p.621,
680 3962 831 4012 Ord.Vital.
857 3961 970 4030 cuniam)
998 3966 1041 4014 ille
1073 3967 1206 4029 posteriori
1235 3967 1320 4016 statim

369 4036 462 4093 pflbo.
492 4032 587 4081 Robert
595 4032 710 4094 resigned
721 4033 762 4082 his
771 4048 833 4094 pen·
857 4048 923 4082 enno
950 4036 1073 4085 voluntati
1105 4037 1200 4099 reginae
1228 4037 1321 4099 libens,
1412 4069 1416 4076 .

369 4103 425 4151 sion
436 4101 475 4167 (at
485 4101 528 4149 the
539 4117 631 4163 prayer
642 4102 671 4150 os
685 4103 727 4151 the
744 4118 834 4166 queen,
857 4105 926 4169 quod
938 4105 983 4155 illa
994 4111 1099 4170 peteret,
1109 4107 1278 4158 condonavit)

364 4172 504 4234 ,according
515 4178 540 4220 to
552 4168 739 4238 Malmesbury)
751 4173 833 4224 aethe
