2918 4866
137 757 178 796 Act
187 756 210 795 oi
217 756 263 796 suh

135 807 214 856 lection
224 807 250 845 ol

137 857 239 904 william,

136 907 191 956 king
199 907 223 946 ol

300 362 366 428 254
550 379 798 445 courmuarro
822 379 998 429 cuaourcr

512 619 605 661 orari
626 619 783 672 wmumur,
805 621 891 662 nnors
911 608 1038 664 scorta.l

351 739 560 816 willelmus
590 759 653 802 rex
678 740 816 816 scotiae,
847 740 987 805 devenit
1018 739 1120 803 homo
1145 737 1251 820 ligius

300 840 430 904 domini
458 840 549 921 regis
576 837 728 920 Augilas,
758 848 880 903 contra
910 860 1045 905 omnem
1077 839 1250 903 hominem

137 957 244 1001 secund.
255 959 277 994 to
301 941 344 1004 de
377 940 496 1004 Scotia
526 945 561 1002 et
594 938 637 1002 de
673 939 830 1003 omnibus
863 939 940 1003 aliis
970 941 1072 1004 terris
1105 940 1190 1016 soie,
1215 944 1251 1002 et

138 1009 214 1054 Henry
224 1007 262 1054 ll.‚

140 1068 160 1096 a.
172 1059 229 1096 1175.

302 1039 503 1104 fidelitatem
529 1039 560 1101 ei
587 1037 680 1114 fecit,
706 1046 745 1103 ut
771 1039 855 1120 ligio
887 1040 1026 1103 domino
1056 1058 1131 1115 suo,
1159 1038 1251 1102 sicut

304 1139 458 1204 homines
471 1138 531 1201 alii
545 1138 599 1200 sui
616 1138 807 1202 sibifacere
817 1138 941 1204 solent.
995 1139 1158 1203 Similiter
1169 1137 1253 1202 fecit

305 1239 502 1321 homagium
536 1236 691 1302 Henrico
722 1239 808 1319 regi,
841 1238 912 1303 filio
941 1258 1017 1314 suo,
1050 1238 1149 1302 salva
1183 1237 1252 1302 fide

307 1339 436 1403 domini
463 1337 565 1418 regis,
588 1339 698 1420 patris
725 1338 789 1403 sui.
842 1337 972 1402 Omnes
987 1358 1071 1403 vero
1085 1338 1253 1421 episcopi,

306 1439 449 1502 abbates
478 1447 514 1503 et
535 1436 647 1500 clerus
670 1445 772 1502 terrae
794 1439 886 1519 regis
908 1438 1035 1504 Scotiae
1057 1445 1092 1503 et
1113 1456 1253 1503 succes·

304 1557 400 1602 sores
433 1538 508 1621 ejus
540 1536 668 1601 facient
698 1537 836 1601 domino
870 1539 957 1620 regi,
989 1539 1080 1602 sicut
1111 1538 1251 1603 domino

305 1639 400 1720 ligio,
416 1638 618 1701 fidelitatem
634 1636 676 1699 de
699 1638 823 1719 quibus
839 1637 966 1703 habere
985 1638 1144 1715 voluerit,
1160 1638 1254 1702 sicut

304 1739 363 1802 alii
389 1737 541 1819 episcopi
567 1736 621 1800 sui
647 1737 713 1800 sibi
738 1736 852 1801 faeere
880 1739 1004 1816 solent,
1031 1745 1066 1802 et
1095 1738 1251 1802 Henrico

304 1838 389 1919 regi,
412 1837 483 1901 filio
510 1856 585 1913 suo,
610 1843 644 1899 et
670 1836 864 1904 haeredibus
887 1857 1015 1903 eorum.
1068 1837 1252 1905 concessit

305 1944 421 2001 autem
458 1957 520 2001 rex
560 1935 685 2001 Scotiae
720 1944 756 2001 et
789 1938 918 2013 David,
948 1937 1055 2013 frater
1086 1957 1182 2014 suus,
1217 1945 1253 2003 et

306 2039 462 2113 barense,
486 2037 603 2100 etalii
626 2036 780 2101 homiues
804 2039 858 2102 sui
881 2038 1020 2102 domino
1048 2039 1135 2120 regi,
1157 2040 1252 2120 qnod

305 2137 450 2200 ecclesia
491 2135 617 2200 Scotiae
660 2136 764 2201 talem
801 2137 1052 2221 subjectionem
1090 2138 1195 2202 saciet
1229 2158 1251 2203 a

305 2236 407 2301 modo
423 2235 577 2299 ecclesiae
593 2234 742 2316 Anglia‘e,
756 2238 892 2319 qualem
909 2237 960 2301 illi
972 2236 1086 2302 iacere
1099 2237 1202 2301 debet
1216 2247 1252 2304 et

306 2336 441 2399 solebat
482 2342 635 2416 tempore
674 2355 795 2417 regum
832 2336 984 2419 Angliae,
1019 2337 1253 2420 praedecesso·

306 2456 381 2499 rum
424 2453 575 2498 suorum.
637 2434 802 2500 Similiter
837 2437 1022 2514 RicarduS,
1067 2438 1252 2520 episcopus

306 2534 423 2599 Sancti
463 2532 635 2608 Andreae;
684 2543 719 2602 et
763 2535 947 2613 Ricardus‚
987 2536 1171 2619 episcopus
1209 2538 1253 2601 de

306 2634 534 2713 Dunkelden3
550 2640 586 2699 et
598 2633 790 2712 Galiridus,
802 2637 910 2700 abbas
922 2635 965 2699 de
979 2636 1252 2720 Dunformelyn;

305 2741 340 2799 et
360 2734 561 2811 HelbertuS,
579 2736 674 2817 prior
688 2734 731 2799 de
752 2734 993 2817 coldingham,
1010 2744 1255 2802 concesserunt

305 2835 409 2898 etiam
441 2833 533 2915 quod
564 2834 709 2897 ecclesia
745 2832 882 2916 Angliae
918 2836 1003 2899 illud
1036 2835 1096 2918 jus
1127 2835 1255 2901 habeat

306 2935 342 2997 in
368 2933 514 2997 ecclesia
540 2933 674 3009 scotiae,
699 2935 792 3015 quod
818 2935 861 2998 de
884 2934 964 3018 jure
989 2935 1115 3000 habere
1138 2935 1255 3013 debet,

306 3041 341 3097 et
373 3033 465 3116 quod
499 3033 566 3114 ipsi
606 3052 674 3097 non
714 3041 813 3098 erunt
850 3042 970 3098 contra
1001 3034 1061 3120 jus
1097 3035 1254 3100 ecclesiae

306 3130 467 3214 Angliae:
501 3140 535 3197 et
565 3133 608 3197 de
638 3133 703 3197 hac
731 3133 976 3211 concessione,2
998 3136 1088 3199 sicut
1114 3138 1254 3216 quando

308 3232 426 3313 ligiam
452 3233 652 3298 fidelitatem
678 3233 816 3297 domino
841 3235 915 3315 regi
941 3243 977 3298 et
997 3234 1163 3312 Henrico‚
1180 3236 1253 3300 filio

307 3350 383 3408 suo,
410 3332 578 3408 fecerunt,
613 3352 673 3396 eos
703 3333 783 3398 inde
814 3343 1112 3399 assecuraverunt.
1176 3333 1256 3399 Hoc

307 3430 399 3493 idem
437 3430 565 3494 sacient
603 3432 662 3494 alii
704 3433 856 3516 episcopi
893 3442 929 3497 et
967 3434 1079 3498 clerus
1115 3434 1255 3512 Scotiae,

308 3549 369 3611 per
410 3530 672 3594 conventionem
716 3532 805 3596 inter
843 3533 1018 3597 dominum
1055 3554 1183 3616 regem,
1222 3541 1258 3598 et

307 3648 424 3709 regem
474 3629 613 3707 Scotiae,
655 3638 691 3694 et
732 3632 848 3697 David
887 3633 1028 3697 fratrem
1071 3653 1183 3710 suum,
1221 3641 1258 3698 et

307 3729 453 3793 barones
471 3748 552 3792 suos
567 3729 708 3794 factam.
748 3732 900 3798 Comites
915 3731 1030 3809 etiam,
1043 3741 1078 3798 et
1095 3734 1256 3810 beronae,

341 3939 489 4002 ¹Scotiae.]
523 3939 586 3988 This
613 3941 769 3989 transaction
794 3941 910 4003 tivityci
921 3940 1043 3991 William.
1080 3941 1215 4003 Horeden,
1227 3957 1254 4004 p.

304 4011 365 4060 took
388 4011 462 4072 place
485 4014 511 4057 at
533 4009 613 4070 York,
633 4010 659 4056 in
680 4011 768 4059 confir-
795 4016 840 4060 311
851 4007 872 4061 l.

303 4083 397 4130 mation
409 4080 437 4129 of
452 4080 494 4129 the
509 4083 653 4143 agreement
667 4080 769 4129 entered
828 4078 838 4108 ²
856 4080 1089 4144 Horrorwersione]
1102 4081 1216 4130 Omitted
1228 4084 1255 4131 in

304 4153 356 4200 into
371 4156 398 4199 at
414 4151 525 4213 Palaise,
540 4151 633 4213 during
649 4149 691 4198 the
709 4164 769 4211 cap·
795 4151 861 4214 MS„
872 4150 994 4212 supplied,
1003 4151 1066 4199 from
1078 4151 1213 4210 Hoveden.
