2918 4866
365 377 430 441 106
615 389 864 439 courmunrlo
889 388 1064 437 cunorucr

365 549 563 614 fidelitatem
586 547 803 632 juraverunt.
851 547 919 611 Die
941 548 1057 624 tertia,
1075 545 1161 612 feria
1183 547 1317 612 scilicet

365 651 498 732 quinta,
517 649 560 712 ad
587 650 834 711 monasterium
858 666 918 710 rex
946 668 1025 711 cum
1049 648 1121 711 suis
1143 667 1316 725 reversus,
1391 723 1395 729 Ι

366 748 560 814 Dominicae
580 745 803 812 Ascensionis
820 747 1040 812 laetabundus
1056 748 1316 831 processionum

204 866 354 956 destagno
366 868 426 913 seu
445 850 627 914 missarum
645 848 801 913 interfuit
818 847 1030 913 solennitati.
1078 848 1159 926 Qua
1173 854 1316 931 peracta

203 921 226 956 ω
239 917 582 1026 Here‘'¹⁶'festivitatest
607 948 726 1013 audito
755 968 819 1012 rex
844 947 888 1011 de
916 948 1060 1013 castello
1077 949 1169 1031 quod
1193 956 1316 1012 contra

365 1049 463 1113 illum
492 1048 740 1113 obfirmabatur
765 1047 995 1125 Heresordiae,
1021 1048 1081 1113 illo
1109 1049 1146 1112 in
1171 1047 1315 1130 expedi-

366 1149 460 1213 tione
494 1149 647 1212 maxima
681 1156 950 1213 castrametatus
982 1156 1055 1228 est3
1089 1169 1159 1231 quo
1191 1168 1315 1231 perve-

203 1267 336 1306 revrenmore
366 1250 477 1325 niens,
506 1249 608 1313 famae
634 1248 763 1312 auditae
787 1249 940 1330 repperit
964 1249 1160 1315 verisimile.
1214 1247 1315 1313 Unde

204 1319 278 1357 “m'‘
366 1349 400 1412 in
411 1350 530 1414 eodem
543 1349 620 1412 loco
636 1349 707 1411 fere
719 1365 768 1412 ιν.
787 1349 840 1412 vel
850 1365 883 1412 v,
894 1349 1186 1414 hebdomadarum
1199 1349 1315 1431 spatio

366 1447 548 1525 moratus,i
573 1448 714 1513 mandat
737 1468 799 1531 per
826 1448 990 1531 Angliam
1015 1469 1138 1513 manus
1166 1449 1313 1512 militurn

366 1551 484 1613 venire
501 1549 567 1613 sibi
583 1549 619 1612 in
641 1549 823 1626 auxilium,
839 1549 882 1612 ad
904 1548 1174 1632 expugnandum
1196 1569 1315 1613 omnes

205 1666 307 1707 uererer
365 1649 472 1732 regiae
498 1649 677 1730 dignitatis
702 1650 870 1713 inimicos.
923 1649 1079 1726 Interim,
1100 1650 1136 1713 in
1160 1649 1314 1731 ejusdem

203 1718 335 1808 illuif‘md
366 1751 458 1833 regis
481 1749 678 1832 praesentia,
696 1748 819 1813 civitas
835 1748 1102 1813 Heresordensis
1119 1749 1211 1813 infra
1227 1769 1315 1832 pon·

366 1857 436 1915 tem
453 1850 602 1913 fluminis
614 1849 747 1930 Waegae
760 1850 973 1914 comburitur
985 1849 1077 1932 igne.
1111 1849 1189 1913 Nec
1204 1850 1316 1913 multo

366 1958 447 2033 post
461 1951 554 2032 regis
572 1958 607 2013 et
624 1950 732 2013 totius
755 1951 860 2013 curiae
878 1951 1029 2032 percutit
1043 1969 1156 2025 aures,
1174 1948 1316 2013 Oxene-

367 2050 537 2114 fordensis
573 2049 725 2113 civitatis
758 2049 905 2112 dolenda
940 2051 1073 2113 cunctis
1111 2050 1315 2114 combustio.

204 2166 338 2257 ffshfigpgftgd
367 2149 456 2214 Viso
488 2159 524 2213 et
558 2150 710 2230 cognito,
746 2146 1020 2213 Herefordenses
1052 2149 1244 2227 castellani,
1278 2149 1315 2214 in

205 2267 337 2308 sunctum.
368 2250 467 2330 gravi
490 2249 711 2312 multitudine
737 2250 923 2326 exercitus,
944 2270 1060 2331 regem
1076 2251 1118 2314 de
1132 2270 1169 2314 se
1193 2251 1314 2314 trium-

367 2349 566 2431 phaturum,
596 2349 729 2412 dextris
759 2349 849 2413 datis
882 2357 917 2414 et
943 2351 1107 2433 acceptis,
1138 2349 1212 2431 regi
1238 2369 1315 2415 sese

367 2449 551 2513 dedebant.
605 2449 650 2512 Et
664 2450 828 2529 quoniam
843 2450 916 2532 ipse
931 2470 992 2513 rex
1008 2450 1149 2533 pictatis
1166 2457 1201 2513 et
1217 2451 1315 2532 pacis

369 2557 456 2627 erat,
471 2549 575 2612 immo
592 2549 674 2630 quia
692 2557 756 2624 est,
772 2570 834 2613 nec
855 2551 1022 2614 nociturae
1045 2550 1149 2614 alicui
1172 2569 1313 2632 operam

203 2667 296 2716 Stephon
367 2648 475 2727 dedit,
490 2650 550 2713 sed
570 2649 688 2712 hostes
711 2648 838 2714 liberos
866 2651 961 2714 abire
987 2650 1153 2733 permisit.
1207 2650 1314 2733 Oppi-

204 2718 299 2817 lllllu·
367 2749 449 2813 dum
463 2751 605 2832 insuper
613 2749 841 2830 Wibbeleage
856 2751 1082 2827 nominatum,
1092 2750 1184 2833 quod
1201 2750 1316 2814 Gaus-

366 2849 475 2914 lridus
490 2851 533 2914 de
547 2850 695 2914 Talebot
709 2857 830 2914 contra
847 2869 962 2932 regem
979 2857 1150 2927 tenuerat,
1166 2850 1227 2914 illo
1237 2849 1314 2933 'jam

366 3053 431 3115 sub
456 3050 691 3131 dirumpendae
714 3051 811 3132 pacis
837 3049 978 3126 foedere,
1008 3050 1102 3132 regis
1128 3049 1318 3114 adversarii

366 3152 639 3225 sustinebantur,
657 3169 717 3213 rex
742 3151 856 3232 cepit;
884 3158 919 3214 et
946 3149 1032 3213 illud
1056 3157 1091 3213 et
1112 3150 1317 3232 praedictum

368 3250 626 3315 Heresordense
647 3249 831 3313 castellum
853 3251 1034 3314 instructis
1055 3250 1224 3314 militibus
1241 3270 1317 3314 mu·

204 3362 309 3451 §gerlef
366 3351 466 3414 nivit.
520 3348 617 3412 Inter
632 3349 707 3412 haec
721 3349 909 3430 praedictus
928 3349 1125 3427 AlbericuS,
1144 3349 1317 3413 Ostiensis

202 3423 353 3562 fflffimes
367 3451 562 3532 episcopus,
579 3448 772 3530 apostolica
793 3448 933 3512 functus
948 3449 1135 3531 legatione,
1151 3450 1316 3531 Angliam

307 3542 311 3554 '
367 3551 473 3627 venit,
498 3548 645 3613 evellere
673 3547 864 3625 evellenda,
889 3549 1066 3614 destrucre
1094 3549 1318 3627 destruenda,

366 3650 537 3714 aedificare
555 3648 771 3725 aedificanda,
785 3648 943 3730 plantare
953 3650 1155 3730 plantanda.
1201 3649 1318 3713 Lectis

365 3769 482 3813 coram
499 3770 582 3830 rege
598 3756 632 3813 et
650 3749 858 3832 primoribus
878 3748 1017 3832 Angliae
1034 3749 1161 3814 litteris
1176 3752 1220 3813 ab
1237 3769 1319 3833 apo-

401 3893 407 3924 ¹
428 3895 503 3954 oldut
512 3896 616 3943 adventu
626 3929 632 3941 ·
643 3931 648 3943 ·
659 3893 827 3955 ‘fmivimte'l
887 3924 898 3956 ²
914 3927 1048 3990 Merulae]
1065 3926 1117 3975 Die
1134 3942 1235 3988 quoque
1253 3929 1320 3977 Pen-

364 3966 435 4015 Edit.
452 3968 509 4014 add.
529 3967 559 4013 C.
575 3964 654 4025 omit,
671 3964 722 4011 and
738 3965 827 4026 begins

363 4038 404 4085 the
423 4036 554 4096 following
570 4038 687 4082 sentence
704 4034 768 4081 with
784 4034 826 4081 the
851 3997 1029 4117 Ξζίἶξθέέξ
1054 3997 1142 4080 mill,
1161 3998 1187 4045 in
1209 3999 1319 4080 θῖθιθῦῑδ

361 4107 446 4155 words
465 4106 527 4154 ‘ubi
549 4103 655 4153 fortasse
676 4105 716 4153 vel
736 4104 827 4167 prius,'
1027 4073 1157 4129 gemtum
1174 4069 1266 4118 Mfflae
1279 4085 1320 4119 ⁰⁰·

360 4177 453 4239 audito,
464 4181 508 4225 etc.
851 4138 1066 4188 mamb-Md·
1077 4138 1136 4187 edit.
