2918 4866
359 356 423 418 110
607 371 856 420 couriuunrro
880 372 1055 420 crinorum

195 542 333 632 gqtqggrr.
359 530 474 608 stella,
491 529 593 594 Caris
594 527 604 562 ¹
627 531 662 593 in
687 531 910 608 Dorsetania,
927 537 963 594 et
978 529 1176 612 Harpetreo
1191 528 1225 591 in
1243 528 1309 592 Su-

195 604 332 734 acgftfffdler
359 632 568 695 mersetania
598 631 678 706 sita,
712 631 901 694 obsidenda
932 630 1083 707 divertit,
1113 629 1310 711 ibidemque

276 721 281 732 '
360 731 586 796 anticastellis
611 733 793 808 extructiS,
817 740 852 795 et
868 750 971 793 manu
993 729 1134 793 militari
1156 729 1309 806 munitiS,

360 832 529 909 discessit,
552 839 587 896 et
612 832 656 894 ad
685 832 865 895 castellum
889 831 932 894 de
958 830 1184 911 Duddelaege,
1217 830 1310 911 quod

361 932 498 996 Radulf
516 931 662 1013 Paignel
678 939 799 995 contra
822 932 919 995 illum
942 931 1125 1006 munierat,
1141 950 1219 993 cum
1234 936 1309 994 toto

197 1044 309 1134 3333.
360 1033 516 1096 exercitu
539 1051 755 1114 aggressum,
771 1032 853 1113 egit.
908 1031 978 1094 Ubi
1004 1050 1082 1112 quae
1104 1031 1141 1093 in
1163 1030 1309 1094 circuitu

196 1146 335 1236 mmm
360 1140 460 1197 erant
485 1134 566 1214 igne
593 1132 794 1208 combustiS,
817 1131 1069 1213 multiplicique
1092 1131 1210 1213 praeda
1237 1131 1309 1194 ani·

264 1223 269 1235 '
360 1233 500 1296 malium
522 1239 627 1315 capta
651 1239 685 1296 et
709 1232 870 1308 abducta,
893 1231 938 1294 ad
963 1231 1229 1313 Scropberiense
1253 1250 1311 1294 ca-

359 1332 510 1410 stellum,
533 1332 626 1415 quod
643 1331 841 1397 Willelmus
860 1330 966 1395 Alani
982 1331 1073 1395 filius
1089 1331 1310 1395 adversative

360 1440 530 1510 tenuerat,
571 1432 811 1511 obsidendum,
859 1432 1116 1496 multitudinem
1160 1431 1308 1495 militum

359 1552 475 1596 secum
498 1534 533 1596 in
556 1553 650 1596 mare
673 1534 777 1614 cepit.
829 1532 1050 1613 Praecognito
1076 1538 1193 1595 autem
1216 1531 1309 1613 regis

359 1633 522 1710 adventu,
553 1633 643 1696 idem
674 1633 884 1710 WillelmuS,
911 1652 989 1696 cum
1019 1651 1131 1696 uxore
1160 1638 1196 1695 et
1226 1632 1307 1695 filiis

360 1740 397 1797 et
427 1734 633 1816 quibusdam
657 1733 747 1810 aliis,
774 1733 924 1796 latenter
956 1733 1075 1814 fugam
1109 1731 1196 1808 iniit,
1230 1730 1310 1795 reli-

359 1833 424 1897 ctis
451 1836 488 1897 in
514 1834 658 1898 castello
688 1834 748 1914 qui
780 1834 845 1897 sibi
876 1833 912 1895 in
941 1851 1010 1896 non
1043 1831 1217 1895 reddendo
1246 1832 1308 1895 illo

358 1932 560 1997 fidelitatem
572 1934 789 2018 juraverant.
843 1933 995 1996 Obsesso
1012 1931 1169 2014 pluribus
1187 1932 1309 1995 diebus

359 2033 515 2111 castello,
531 2033 575 2097 ad
598 2033 633 2097 id
657 2032 941 2115 expugnandum,
964 2039 1004 2095 ut
1025 2032 1141 2095 ferunt
1163 2032 1224 2114 qui
1246 2051 1308 2096 no-

358 2140 496 2209 verunt,
522 2132 602 2196 talis
629 2140 774 2214 paratur
799 2132 969 2196 machina.
1023 2131 1209 2213 Congeries
1238 2151 1309 2196 non

358 2233 494 2296 modica
508 2233 681 2314 lignorum
698 2234 908 2314 congeritur,
921 2233 1115 2309 adhibetur,
1127 2232 1309 2297 castellina

358 2333 454 2396 fossa
485 2333 589 2417 jussu
625 2334 718 2415 regis
751 2333 925 2416 impletur,
957 2333 1046 2414 ignis
1076 2333 1308 2410 succenditur,

358 2433 473 2496 fumus
489 2433 524 2496 in
546 2434 655 2496 altum
672 2453 710 2497 se
732 2434 838 2509 levat,
855 2453 975 2496 omnes
996 2433 1182 2514 infumigat
1196 2441 1232 2497 et
1247 2452 1309 2497 ex-

358 2533 514 2614 fumigat.
569 2532 683 2615 Regia
700 2534 735 2597 vi
758 2541 861 2616 porta
881 2534 1046 2615 aperitur.
1098 2533 1308 2598 Decidcntes

358 2633 414 2697 vel
436 2634 638 2715 derepentes
661 2634 704 2698 de
728 2633 871 2698 castello
894 2635 1014 2716 fugam
1042 2632 1164 2696 misere
1188 2633 1310 2697 ineunt

359 2753 490 2811 omnes,
507 2752 594 2817 quos
609 2735 744 2816 insequi
760 2741 796 2798 et
812 2735 887 2797 neci
904 2734 1040 2797 tradere
1057 2733 1154 2814 regia
1166 2734 1310 2797 mandat

358 2853 515 2900 censura.
578 2833 741 2916 Quinque
770 2854 814 2898 ex
845 2835 894 2897 eis
922 2834 988 2898 viri
1018 2833 1204 2898 nobiliores
1230 2853 1308 2897 sus-

197 2950 299 3039 Profeods
358 2935 568 3016 penduntur.
601 2934 759 2999 Devictis
773 2934 941 3010 hostibus,
953 2953 1013 2997 rex
1027 2933 1107 2996 inde
1118 2934 1306 2998 discessum

196 3004 316 3092 mim·
359 3035 443 3115 egit,
477 3042 513 3098 et
543 3054 666 3099 versus
697 3034 863 3100 Werham
896 3033 1149 3116 expeditionem
1188 3034 1306 3098 movit.

361 3134 505 3198 Dextris
519 3154 603 3199 vero
624 3135 715 3198 datis
734 3142 769 3198 et
787 3135 950 3216 acceptis,
969 3133 1143 3198 Radulsus
1162 3134 1308 3216 Paignel

196 3249 437 3338 ffihssffiffilfflffium
460 3254 542 3316 rege
564 3235 768 3316 pacificatur
789 3235 833 3298 ad
855 3242 1004 3316 tempus,
1050 3233 1194 3298 Interim
1216 3235 1309 3298 facta

197 3311 310 3439 qiqedgo
359 3334 773 3417 conjurationeadversus
787 3354 903 3416 regem
912 3335 1188 3417 perpraedictum
1199 3334 1307 3417 Bryc-

217 3409 280 3450 Μ
297 3427 303 3439 ’
359 3440 564 3498 stowensem
575 3435 746 3511 comitem,
756 3442 792 3498 et
800 3434 1113 3499 conestabularium
1129 3435 1308 3512 Milonem,

359 3534 534 3615 abnegata
561 3534 728 3599 fidelitate
752 3555 856 3617 quam
880 3535 931 3597 illi
951 3534 1166 3618 juraverant,
1194 3536 1308 3599 missis

359 3635 489 3698 nuntiis
519 3635 564 3697 ad
593 3633 881 3717 Andegavensem
908 3635 1098 3712 civitatem,
1126 3643 1309 3699 accersunt

359 3735 686 3816 eir-imperatricem,
703 3736 846 3799 Henrici
862 3735 953 3816 regis
965 3735 1084 3812 filiam,
1099 3735 1309 3817 spondentes

359 3835 391 3898 ei
408 3835 500 3916 quod
516 3836 606 3899 infra
628 3837 779 3918 quinque
803 3836 970 3899 mensium
997 3837 1148 3917 spatium
1163 3855 1307 3917 regnum

392 4089 402 4117 ‘²
430 4091 522 4153 Corin]
547 4091 620 4149 Kari,
647 4091 680 4137 R.
700 4091 795 4140 Hoced.
832 4090 918 4140 Castle
938 4091 1015 4154 Cary,
1038 4093 1084 4140 hut
1099 4092 1183 4142 which
1207 4094 1230 4141 is
1253 4093 1308 4142 also

356 4164 382 4209 in
394 4161 595 4211 Somcrsetshire.
