<?xml version="1.0" encoding="UTF-8"?>
<!DOCTYPE html PUBLIC "-//W3C//DTD XHTML 1.0 Transitional//EN"
    "http://www.w3.org/TR/xhtml1/DTD/xhtml1-transitional.dtd">
<html xmlns="http://www.w3.org/1999/xhtml" xml:lang="en" lang="en">
 <head>
  <title>
</title>
<meta http-equiv="Content-Type" content="text/html;charset=utf-8" />
  <meta name='ocr-system' content='tesseract 3.04.00' />
  <meta name='ocr-capabilities' content='ocr_page ocr_carea ocr_par ocr_line ocrx_word'/>
</head>
<body>
  <div class='ocr_page' id='page_1' title='image "./florentiiwigorn02florgoog_0085.png"; bbox 0 0 2918 4866; ppageno 0'>
   <div class='ocr_carea' id='block_1_1' title="bbox 380 384 1025 449">
    <p class='ocr_par' dir='ltr' id='par_1_1' title="bbox 380 384 1095 449">
     <span class='ocr_line' id='line_1_1' title="bbox 380 384 1025 449; baseline -0.001 0"><span class='ocrx_word' id='word_1_1' title='bbox 380 384 424 449; x_wconf 82' lang='grc'><strong>58</strong></span> <span class='ocrx_word' id='word_1_2' title='bbox 606 426 608 431; x_wconf 92' lang='grc'>-</span> <span class='ocrx_word' id='word_1_3' title='bbox 725 392 979 449; x_wconf 78' lang='lat' dir='ltr'><strong>canorucou&#39;</strong></span> <span class='ocrx_word' id='word_1_4' title='bbox 1014 393 1025 420; x_wconf 77' lang='lat'><em>³</em></span> 
     </span>
    </p>
   </div>
   <div class='ocr_carea' id='block_1_2' title="bbox 376 551 1327 1542">
    <p class='ocr_par' dir='ltr' id='par_1_2' title="bbox 376 551 1327 1542">
     <span class='ocr_line' id='line_1_2' title="bbox 381 551 1327 641; baseline -0.004 -20"><span class='ocrx_word' id='word_1_5' title='bbox 381 554 661 641; x_wconf 66' lang='lat' dir='ltr'><strong>archiepiscopus</strong></span> <span class='ocrx_word' id='word_1_6' title='bbox 692 557 922 622; x_wconf 88' lang='lat' dir='ltr'><strong>Eboracensis</strong></span> <span class='ocrx_word' id='word_1_7' title='bbox 953 575 1111 634; x_wconf 90' lang='lat' dir='ltr'><strong>cnm-eo,</strong></span> <span class='ocrx_word' id='word_1_8' title='bbox 1139 551 1327 637; x_wconf 85' lang='lat' dir='ltr'><strong>omnesque</strong></span> 
     </span>
     <span class='ocr_line' id='line_1_3' title="bbox 381 656 1326 741; baseline -0.004 -20"><span class='ocrx_word' id='word_1_9' title='bbox 381 659 441 722; x_wconf 90' lang='lat' dir='ltr'><strong>alii</strong></span> <span class='ocrx_word' id='word_1_10' title='bbox 464 657 603 740; x_wconf 86' lang='lat' dir='ltr'><strong>Angliae</strong></span> <span class='ocrx_word' id='word_1_11' title='bbox 624 659 788 741; x_wconf 85' lang='lat' dir='ltr'><strong>episcopi,</strong></span> <span class='ocrx_word' id='word_1_12' title='bbox 807 660 843 722; x_wconf 92' lang='lat' dir='ltr'><strong>in</strong></span> <span class='ocrx_word' id='word_1_13' title='bbox 865 659 1051 741; x_wconf 88' lang='lat' dir='ltr'><strong>praesentia</strong></span> <span class='ocrx_word' id='word_1_14' title='bbox 1070 657 1213 739; x_wconf 80' lang='lat' dir='ltr'><strong>gloriosi</strong></span> <span class='ocrx_word' id='word_1_15' title='bbox 1235 656 1326 736; x_wconf 88' lang='lat' dir='ltr'><strong>regis</strong></span> 
     </span>
     <span class='ocr_line' id='line_1_4' title="bbox 383 756 1325 840; baseline -0.004 -18"><span class='ocrx_word' id='word_1_16' title='bbox 383 758 552 835; x_wconf 88' lang='lat' dir='ltr'><strong>Heinrici,</strong></span> <span class='ocrx_word' id='word_1_17' title='bbox 574 777 719 822; x_wconf 87' lang='lat' dir='ltr'><strong>assensu</strong></span> <span class='ocrx_word' id='word_1_18' title='bbox 734 760 913 840; x_wconf 31' lang='lat' dir='ltr'><strong>,baronum</strong></span> <span class='ocrx_word' id='word_1_19' title='bbox 939 777 1102 823; x_wconf 90' lang='lat' dir='ltr'><strong>snorum:</strong></span> <span class='ocrx_word' id='word_1_20' title='bbox 1126 756 1325 820; x_wconf 88' lang='lat' dir='ltr'><strong>‘Statutum</strong></span> 
     </span>
     <span class='ocr_line' id='line_1_5' title="bbox 376 857 1325 943; baseline -0.003 -21"><span class='ocrx_word' id='word_1_21' title='bbox 376 866 434 923; x_wconf 83' lang='lat' dir='ltr'><strong>est</strong></span> <span class='ocrx_word' id='word_1_22' title='bbox 448 865 488 922; x_wconf 89' lang='lat' dir='ltr'><strong>ut</strong></span> <span class='ocrx_word' id='word_1_23' title='bbox 498 859 702 943; x_wconf 88' lang='lat' dir='ltr'><strong>presbyteri,</strong></span> <span class='ocrx_word' id='word_1_24' title='bbox 713 859 861 936; x_wconf 89' lang='lat' dir='ltr'><strong>diaconi,</strong></span> <span class='ocrx_word' id='word_1_25' title='bbox 871 858 1073 923; x_wconf 84' lang='lat' dir='ltr'><strong>subdiaconi</strong></span> <span class='ocrx_word' id='word_1_26' title='bbox 1088 865 1184 923; x_wconf 87' lang='lat' dir='ltr'><strong>casta</strong></span> <span class='ocrx_word' id='word_1_27' title='bbox 1193 857 1325 933; x_wconf 87' lang='lat' dir='ltr'><strong>vivant,</strong></span> 
     </span>
     <span class='ocr_line' id='line_1_6' title="bbox 381 958 1326 1038; baseline -0.005 -15"><span class='ocrx_word' id='word_1_28' title='bbox 381 965 417 1023; x_wconf 92' lang='lat' dir='ltr'><strong>et</strong></span> <span class='ocrx_word' id='word_1_29' title='bbox 431 959 589 1022; x_wconf 81' lang='lat' dir='ltr'><strong>foeminas</strong></span> <span class='ocrx_word' id='word_1_30' title='bbox 613 959 650 1022; x_wconf 93' lang='lat' dir='ltr'><strong>in</strong></span> <span class='ocrx_word' id='word_1_31' title='bbox 669 959 827 1024; x_wconf 85' lang='lat' dir='ltr'><strong>domibus</strong></span> <span class='ocrx_word' id='word_1_32' title='bbox 849 960 922 1023; x_wconf 88' lang='lat' dir='ltr'><strong>suis</strong></span> <span class='ocrx_word' id='word_1_33' title='bbox 937 977 1011 1023; x_wconf 91' lang='lat' dir='ltr'><strong>non·</strong></span> <span class='ocrx_word' id='word_1_34' title='bbox 1021 958 1181 1034; x_wconf 88' lang='lat' dir='ltr'><strong>habeant,</strong></span> <span class='ocrx_word' id='word_1_35' title='bbox 1197 966 1326 1038; x_wconf 86' lang='lat' dir='ltr'><strong>praeter</strong></span> 
     </span>
     <span class='ocr_line' id='line_1_7' title="bbox 381 1053 1324 1142; baseline -0.002 -21"><span class='ocrx_word' id='word_1_36' title='bbox 381 1059 542 1142; x_wconf 87' lang='lat' dir='ltr'><strong>proxima</strong></span> <span class='ocrx_word' id='word_1_37' title='bbox 561 1053 864 1140; x_wconf 82' lang='lat' dir='ltr'><strong>consanguinitate</strong></span> <span class='ocrx_word' id='word_1_38' title='bbox 884 1060 951 1124; x_wconf 89' lang='lat' dir='ltr'><strong>sibi</strong></span> <span class='ocrx_word' id='word_1_39' title='bbox 967 1058 1120 1142; x_wconf 87' lang='lat' dir='ltr'><strong>junctas,</strong></span> <span class='ocrx_word' id='word_1_40' title='bbox 1136 1056 1324 1122; x_wconf 90' lang='lat' dir='ltr'><strong>secundum</strong></span> 
     </span>
     <span class='ocr_line' id='line_1_8' title="bbox 381 1155 1324 1244; baseline 0 -23"><span class='ocrx_word' id='word_1_41' title='bbox 381 1159 446 1222; x_wconf 93' lang='lat' dir='ltr'><strong>hoc</strong></span> <span class='ocrx_word' id='word_1_42' title='bbox 462 1157 552 1241; x_wconf 94' lang='lat' dir='ltr'><strong>quod</strong></span> <span class='ocrx_word' id='word_1_43' title='bbox 569 1167 690 1223; x_wconf 88' lang='lat' dir='ltr'><strong>sancta</strong></span> <span class='ocrx_word' id='word_1_44' title='bbox 712 1159 858 1224; x_wconf 85' lang='lat' dir='ltr'><strong>Nicaena</strong></span> <span class='ocrx_word' id='word_1_45' title='bbox 879 1158 1032 1244; x_wconf 87' lang='lat' dir='ltr'><strong>synodus</strong></span> <span class='ocrx_word' id='word_1_46' title='bbox 1047 1158 1212 1223; x_wconf 88' lang='lat' dir='ltr'><strong>definivit.</strong></span> <span class='ocrx_word' id='word_1_47' title='bbox 1264 1155 1324 1221; x_wconf 93' lang='lat' dir='ltr'><strong>Illi</strong></span> 
     </span>
     <span class='ocr_line' id='line_1_9' title="bbox 382 1259 1323 1343; baseline -0.002 -19"><span class='ocrx_word' id='word_1_48' title='bbox 382 1278 465 1324; x_wconf 87' lang='lat' dir='ltr'><strong>vero</strong></span> <span class='ocrx_word' id='word_1_49' title='bbox 494 1260 699 1343; x_wconf 86' lang='lat' dir='ltr'><strong>presbyteri,</strong></span> <span class='ocrx_word' id='word_1_50' title='bbox 730 1260 879 1338; x_wconf 89' lang='lat' dir='ltr'><strong>diaconi,</strong></span> <span class='ocrx_word' id='word_1_51' title='bbox 910 1260 1122 1336; x_wconf 81' lang='lat' dir='ltr'><strong>subdiaconi,</strong></span> <span class='ocrx_word' id='word_1_52' title='bbox 1149 1259 1210 1341; x_wconf 91' lang='lat' dir='ltr'><strong>qui</strong></span> <span class='ocrx_word' id='word_1_53' title='bbox 1241 1265 1323 1340; x_wconf 88' lang='lat' dir='ltr'><strong>post</strong></span> 
     </span>
     <span class='ocr_line' id='line_1_10' title="bbox 381 1358 1322 1425; baseline -0.002 -2"><span class='ocrx_word' id='word_1_54' title='bbox 381 1358 600 1423; x_wconf 88' lang='lat' dir='ltr'><strong>interdictum</strong></span> <span class='ocrx_word' id='word_1_55' title='bbox 623 1359 874 1424; x_wconf 87' lang='lat' dir='ltr'><strong>Lundoniensis</strong></span> <span class='ocrx_word' id='word_1_56' title='bbox 897 1360 1031 1425; x_wconf 91' lang='lat' dir='ltr'><strong>consilii</strong></span> <span class='ocrx_word' id='word_1_57' title='bbox 1056 1360 1214 1424; x_wconf 86' lang='lat' dir='ltr'><strong>foeminas</strong></span> <span class='ocrx_word' id='word_1_58' title='bbox 1239 1375 1322 1422; x_wconf 87' lang='lat' dir='ltr'><strong>snas</strong></span> 
     </span>
     <span class='ocr_line' id='line_1_11' title="bbox 382 1451 1321 1542; baseline -0.003 -18"><span class='ocrx_word' id='word_1_59' title='bbox 382 1467 575 1537; x_wconf 88' lang='lat' dir='ltr'><strong>tenuerunt,</strong></span> <span class='ocrx_word' id='word_1_60' title='bbox 594 1460 650 1524; x_wconf 88' lang='lat' dir='ltr'><strong>vel</strong></span> <span class='ocrx_word' id='word_1_61' title='bbox 665 1461 751 1525; x_wconf 89' lang='lat' dir='ltr'><strong>alias</strong></span> <span class='ocrx_word' id='word_1_62' title='bbox 768 1462 953 1538; x_wconf 87' lang='lat' dir='ltr'><strong>duxerunt,</strong></span> <span class='ocrx_word' id='word_1_63' title='bbox 971 1462 999 1524; x_wconf 91' lang='lat' dir='ltr'><strong>si</strong></span> <span class='ocrx_word' id='word_1_64' title='bbox 1018 1461 1165 1542; x_wconf 87' lang='lat' dir='ltr'><strong>amplius</strong></span> <span class='ocrx_word' id='word_1_65' title='bbox 1181 1451 1321 1522; x_wconf 81' lang='lat' dir='ltr'><strong>missam</strong></span> 
     </span>
    </p>
   </div>
   <div class='ocr_carea' id='block_1_3' title="bbox 288 1556 1322 1637">
    <p class='ocr_par' dir='ltr' id='par_1_3' title="bbox 288 1556 1322 1637">
     <span class='ocr_line' id='line_1_12' title="bbox 288 1556 1322 1637; baseline -0.003 -13"><span class='ocrx_word' id='word_1_66' title='bbox 288 1609 290 1613; x_wconf 84' lang='grc'>-</span> <span class='ocrx_word' id='word_1_67' title='bbox 375 1556 555 1624; x_wconf 83' lang='lat' dir='ltr'><strong>celebrare</strong></span> <span class='ocrx_word' id='word_1_68' title='bbox 571 1560 756 1637; x_wconf 86' lang='lat' dir='ltr'><strong>voluerint,</strong></span> <span class='ocrx_word' id='word_1_69' title='bbox 778 1581 837 1626; x_wconf 88' lang='lat' dir='ltr'><strong>eas</strong></span> <span class='ocrx_word' id='word_1_70' title='bbox 859 1581 881 1626; x_wconf 92' lang='lat' dir='ltr'><strong>a</strong></span> <span class='ocrx_word' id='word_1_71' title='bbox 903 1581 940 1625; x_wconf 88' lang='lat' dir='ltr'><strong>se</strong></span> <span class='ocrx_word' id='word_1_72' title='bbox 960 1562 1101 1625; x_wconf 92' lang='lat' dir='ltr'><strong>omnino</strong></span> <span class='ocrx_word' id='word_1_73' title='bbox 1124 1561 1174 1623; x_wconf 90' lang='lat' dir='ltr'><strong>sic</strong></span> <span class='ocrx_word' id='word_1_74' title='bbox 1196 1559 1322 1622; x_wconf 85' lang='lat' dir='ltr'><strong>facient</strong></span> 
     </span>
    </p>
   </div>
   <div class='ocr_carea' id='block_1_4' title="bbox 310 1659 1346 4244">
    <p class='ocr_par' dir='ltr' id='par_1_4' title="bbox 310 1659 1346 4244">
     <span class='ocr_line' id='line_1_13' title="bbox 310 1659 1320 1741; baseline -0.002 -17"><span class='ocrx_word' id='word_1_75' title='bbox 310 1704 313 1711; x_wconf 85' lang='lat'><em>·</em></span> <span class='ocrx_word' id='word_1_76' title='bbox 381 1659 524 1736; x_wconf 69' lang='lat' dir='ltr'><strong>alienas</strong></span> <span class='ocrx_word' id='word_1_77' title='bbox 540 1668 580 1725; x_wconf 92' lang='lat' dir='ltr'><strong>ut</strong></span> <span class='ocrx_word' id='word_1_78' title='bbox 596 1680 659 1725; x_wconf 90' lang='lat' dir='ltr'><strong>neo</strong></span> <span class='ocrx_word' id='word_1_79' title='bbox 681 1661 752 1724; x_wconf 87' lang='lat' dir='ltr'><strong>illae</strong></span> <span class='ocrx_word' id='word_1_80' title='bbox 770 1663 805 1725; x_wconf 93' lang='lat' dir='ltr'><strong>in</strong></span> <span class='ocrx_word' id='word_1_81' title='bbox 827 1662 948 1727; x_wconf 90' lang='lat' dir='ltr'><strong>domos</strong></span> <span class='ocrx_word' id='word_1_82' title='bbox 968 1681 1100 1738; x_wconf 87' lang='lat' dir='ltr'><strong>eorum,</strong></span> <span class='ocrx_word' id='word_1_83' title='bbox 1118 1678 1181 1724; x_wconf 86' lang='lat' dir='ltr'><strong>nec</strong></span> <span class='ocrx_word' id='word_1_84' title='bbox 1195 1659 1263 1741; x_wconf 93' lang='lat' dir='ltr'><strong>ipsi</strong></span> <span class='ocrx_word' id='word_1_85' title='bbox 1285 1660 1320 1722; x_wconf 94' lang='lat' dir='ltr'><strong>in</strong></span> 
     </span>
     <span class='ocr_line' id='line_1_14' title="bbox 380 1758 1322 1844; baseline 0.001 -21"><span class='ocrx_word' id='word_1_86' title='bbox 380 1760 501 1825; x_wconf 89' lang='lat' dir='ltr'><strong>domos</strong></span> <span class='ocrx_word' id='word_1_87' title='bbox 516 1780 635 1825; x_wconf 91' lang='lat' dir='ltr'><strong>earum</strong></span> <span class='ocrx_word' id='word_1_88' title='bbox 652 1762 801 1842; x_wconf 87' lang='lat' dir='ltr'><strong>intrent;</strong></span> <span class='ocrx_word' id='word_1_89' title='bbox 825 1762 884 1826; x_wconf 94' lang='lat' dir='ltr'><strong>sed</strong></span> <span class='ocrx_word' id='word_1_90' title='bbox 904 1781 1015 1844; x_wconf 88' lang='lat' dir='ltr'><strong>neque</strong></span> <span class='ocrx_word' id='word_1_91' title='bbox 1032 1761 1065 1824; x_wconf 93' lang='lat' dir='ltr'><strong>in</strong></span> <span class='ocrx_word' id='word_1_92' title='bbox 1084 1761 1202 1842; x_wconf 88' lang='lat' dir='ltr'><strong>aliqua</strong></span> <span class='ocrx_word' id='word_1_93' title='bbox 1219 1758 1322 1824; x_wconf 90' lang='lat' dir='ltr'><strong>domo</strong></span> 
     </span>
     <span class='ocr_line' id='line_1_15' title="bbox 380 1859 1322 1945; baseline 0.001 -21"><span class='ocrx_word' id='word_1_94' title='bbox 380 1861 528 1925; x_wconf 83' lang='lat' dir='ltr'><strong>scienter</strong></span> <span class='ocrx_word' id='word_1_95' title='bbox 542 1861 760 1938; x_wconf 88' lang='lat' dir='ltr'><strong>conveniunt,</strong></span> <span class='ocrx_word' id='word_1_96' title='bbox 777 1882 889 1944; x_wconf 92' lang='lat' dir='ltr'><strong>neque</strong></span> <span class='ocrx_word' id='word_1_97' title='bbox 908 1861 1104 1945; x_wconf 85' lang='lat' dir='ltr'><strong>hujusmodi</strong></span> <span class='ocrx_word' id='word_1_98' title='bbox 1119 1859 1270 1924; x_wconf 84' lang='lat' dir='ltr'><strong>foeminae</strong></span> <span class='ocrx_word' id='word_1_99' title='bbox 1285 1860 1322 1925; x_wconf 87' lang='lat' dir='ltr'><strong>in</strong></span> 
     </span>
     <span class='ocr_line' id='line_1_16' title="bbox 377 1961 1323 2042; baseline 0.006 -25"><span class='ocrx_word' id='word_1_100' title='bbox 377 1962 554 2025; x_wconf 86' lang='lat' dir='ltr'><strong>territorio</strong></span> <span class='ocrx_word' id='word_1_101' title='bbox 587 1961 740 2025; x_wconf 87' lang='lat' dir='ltr'><strong>ecclesiae</strong></span> <span class='ocrx_word' id='word_1_102' title='bbox 772 1961 950 2027; x_wconf 87' lang='lat' dir='ltr'><strong>habitent:</strong></span> <span class='ocrx_word' id='word_1_103' title='bbox 975 1962 1005 2024; x_wconf 91' lang='lat' dir='ltr'><strong>si</strong></span> <span class='ocrx_word' id='word_1_104' title='bbox 1035 1969 1151 2024; x_wconf 87' lang='lat' dir='ltr'><strong>autem</strong></span> <span class='ocrx_word' id='word_1_105' title='bbox 1180 1967 1323 2042; x_wconf 86' lang='lat' dir='ltr'><strong>propter</strong></span> 
     </span>
     <span class='ocr_line' id='line_1_17' title="bbox 380 2058 1346 2144; baseline 0.001 -21"><span class='ocrx_word' id='word_1_106' title='bbox 380 2061 532 2143; x_wconf 85' lang='lat' dir='ltr'><strong>aliquam</strong></span> <span class='ocrx_word' id='word_1_107' title='bbox 550 2060 730 2125; x_wconf 89' lang='lat' dir='ltr'><strong>honestam</strong></span> <span class='ocrx_word' id='word_1_108' title='bbox 749 2080 889 2126; x_wconf 87' lang='lat' dir='ltr'><strong>causam</strong></span> <span class='ocrx_word' id='word_1_109' title='bbox 910 2058 1133 2144; x_wconf 79' lang='lat' dir='ltr'><strong>eas&#39;colloqui</strong></span> <span class='ocrx_word' id='word_1_110' title='bbox 1150 2068 1322 2142; x_wconf 83' lang='lat' dir='ltr'><strong>oporteat,</strong></span> <span class='ocrx_word' id='word_1_111' title='bbox 1342 2128 1346 2136; x_wconf 22' lang='grc' dir='ltr'><em>Α</em></span> 
     </span>
     <span class='ocr_line' id='line_1_18' title="bbox 378 2160 1321 2242; baseline -0.001 -18"><span class='ocrx_word' id='word_1_112' title='bbox 378 2180 457 2224; x_wconf 93' lang='lat' dir='ltr'><strong>cum</strong></span> <span class='ocrx_word' id='word_1_113' title='bbox 473 2161 606 2224; x_wconf 91' lang='lat' dir='ltr'><strong>duobus</strong></span> <span class='ocrx_word' id='word_1_114' title='bbox 621 2160 784 2242; x_wconf 80' lang='lat' dir='ltr'><strong>legitimis</strong></span> <span class='ocrx_word' id='word_1_115' title='bbox 802 2163 950 2226; x_wconf 90' lang='lat' dir='ltr'><strong>testibus</strong></span> <span class='ocrx_word' id='word_1_116' title='bbox 973 2168 1075 2225; x_wconf 87' lang='lat' dir='ltr'><strong>extra</strong></span> <span class='ocrx_word' id='word_1_117' title='bbox 1091 2161 1229 2225; x_wconf 90' lang='lat' dir='ltr'><strong>domum</strong></span> <span class='ocrx_word' id='word_1_118' title='bbox 1252 2160 1321 2225; x_wconf 90' lang='lat' dir='ltr'><strong>ool-</strong></span> 
     </span>
     <span class='ocr_line' id='line_1_19' title="bbox 372 2259 1320 2342; baseline 0.002 -19"><span class='ocrx_word' id='word_1_119' title='bbox 372 2259 577 2342; x_wconf 86' lang='lat' dir='ltr'><strong>·loquantur.</strong></span> <span class='ocrx_word' id='word_1_120' title='bbox 629 2260 667 2325; x_wconf 90' lang='lat' dir='ltr'><strong>Si</strong></span> <span class='ocrx_word' id='word_1_121' title='bbox 681 2280 764 2326; x_wconf 78' lang='lat' dir='ltr'><strong>uero</strong></span> <span class='ocrx_word' id='word_1_122' title='bbox 788 2263 824 2326; x_wconf 91' lang='lat' dir='ltr'><strong>in</strong></span> <span class='ocrx_word' id='word_1_123' title='bbox 845 2262 978 2326; x_wconf 87' lang='lat' dir='ltr'><strong>duobus</strong></span> <span class='ocrx_word' id='word_1_124' title='bbox 1003 2261 1115 2325; x_wconf 90' lang='lat' dir='ltr'><strong>autin</strong></span> <span class='ocrx_word' id='word_1_125' title='bbox 1137 2261 1248 2325; x_wconf 91' lang='lat' dir='ltr'><strong>tribus</strong></span> <span class='ocrx_word' id='word_1_126' title='bbox 1270 2261 1320 2325; x_wconf 90' lang='lat' dir='ltr'><strong>le·</strong></span> 
     </span>
     <span class='ocr_line' id='line_1_20' title="bbox 373 2360 1321 2444; baseline 0.001 -21"><span class='ocrx_word' id='word_1_127' title='bbox 373 2361 508 2442; x_wconf 86' lang='lat' dir='ltr'><strong>gitimis</strong></span> <span class='ocrx_word' id='word_1_128' title='bbox 523 2361 680 2438; x_wconf 71' lang='lat' dir='ltr'><strong>testibus</strong></span> <span class='ocrx_word' id='word_1_129' title='bbox 691 2362 747 2425; x_wconf 84' lang='lat' dir='ltr'><strong>vel</strong></span> <span class='ocrx_word' id='word_1_130' title='bbox 761 2362 902 2444; x_wconf 88' lang='lat' dir='ltr'><strong>publica</strong></span> <span class='ocrx_word' id='word_1_131' title='bbox 916 2360 1202 2444; x_wconf 90' lang='lat' dir='ltr'><strong>parochianorum</strong></span> <span class='ocrx_word' id='word_1_132' title='bbox 1214 2360 1321 2438; x_wconf 86' lang='lat' dir='ltr'><strong>fama,</strong></span> 
     </span>
     <span class='ocr_line' id='line_1_21' title="bbox 370 2453 1319 2545; baseline 0.003 -24"><span class='ocrx_word' id='word_1_133' title='bbox 370 2453 504 2543; x_wconf 28' lang='lat' dir='ltr'><strong>,aliquis</strong></span> <span class='ocrx_word' id='word_1_134' title='bbox 520 2481 638 2525; x_wconf 92' lang='lat' dir='ltr'><strong>eorum</strong></span> <span class='ocrx_word' id='word_1_135' title='bbox 650 2469 834 2527; x_wconf 89' lang='lat' dir='ltr'><strong>accusatus</strong></span> <span class='ocrx_word' id='word_1_136' title='bbox 848 2461 953 2526; x_wconf 88' lang='lat' dir='ltr'><strong>fuerit</strong></span> <span class='ocrx_word' id='word_1_137' title='bbox 966 2463 1057 2545; x_wconf 93' lang='lat' dir='ltr'><strong>quod</strong></span> <span class='ocrx_word' id='word_1_138' title='bbox 1072 2461 1137 2526; x_wconf 90' lang='lat' dir='ltr'><strong>hoo</strong></span> <span class='ocrx_word' id='word_1_139' title='bbox 1150 2468 1319 2526; x_wconf 88' lang='lat' dir='ltr'><strong>statutum</strong></span> 
     </span>
     <span class='ocr_line' id='line_1_22' title="bbox 381 2561 1320 2647; baseline 0.002 -23"><span class='ocrx_word' id='word_1_140' title='bbox 381 2561 575 2638; x_wconf 87' lang='lat' dir='ltr'><strong>violaverit,</strong></span> <span class='ocrx_word' id='word_1_141' title='bbox 601 2563 765 2646; x_wconf 85' lang='lat' dir='ltr'><strong>purgabit</strong></span> <span class='ocrx_word' id='word_1_142' title='bbox 785 2582 824 2627; x_wconf 88' lang='lat' dir='ltr'><strong>se</strong></span> <span class='ocrx_word' id='word_1_143' title='bbox 847 2563 1020 2647; x_wconf 88' lang='lat' dir='ltr'><strong>adjunctis</strong></span> <span class='ocrx_word' id='word_1_144' title='bbox 1046 2581 1163 2627; x_wconf 89' lang='lat' dir='ltr'><strong>secum</strong></span> <span class='ocrx_word' id='word_1_145' title='bbox 1190 2561 1320 2626; x_wconf 90' lang='lat' dir='ltr'><strong>ordinis</strong></span> 
     </span>
     <span class='ocr_line' id='line_1_23' title="bbox 378 2661 1322 2751; baseline 0.003 -28"><span class='ocrx_word' id='word_1_146' title='bbox 378 2662 433 2724; x_wconf 90' lang='lat' dir='ltr'><strong>sui</strong></span> <span class='ocrx_word' id='word_1_147' title='bbox 448 2661 581 2725; x_wconf 88' lang='lat' dir='ltr'><strong>idoneis</strong></span> <span class='ocrx_word' id='word_1_148' title='bbox 595 2663 753 2739; x_wconf 89' lang='lat' dir='ltr'><strong>testibus,</strong></span> <span class='ocrx_word' id='word_1_149' title='bbox 768 2680 816 2726; x_wconf 82' lang='lat' dir='ltr'><strong>vr.</strong></span> <span class='ocrx_word' id='word_1_150' title='bbox 833 2664 863 2726; x_wconf 93' lang='lat' dir='ltr'><strong>si</strong></span> <span class='ocrx_word' id='word_1_151' title='bbox 878 2665 1070 2751; x_wconf 74' lang='lat' dir='ltr'><strong>presbyter,</strong></span> <span class='ocrx_word' id='word_1_152' title='bbox 1088 2678 1135 2725; x_wconf 81' lang='lat' dir='ltr'><strong>tv.</strong></span> <span class='ocrx_word' id='word_1_153' title='bbox 1152 2663 1184 2726; x_wconf 90' lang='lat' dir='ltr'><strong>si</strong></span> <span class='ocrx_word' id='word_1_154' title='bbox 1205 2662 1322 2726; x_wconf 85' lang='lat' dir='ltr'><strong>diaco·</strong></span> 
     </span>
     <span class='ocr_line' id='line_1_24' title="bbox 372 2761 1319 2839; baseline 0.002 -16"><span class='ocrx_word' id='word_1_155' title='bbox 372 2779 512 2839; x_wconf 15' lang='lat' dir='ltr'><strong>snus,11.</strong></span> <span class='ocrx_word' id='word_1_156' title='bbox 530 2763 560 2825; x_wconf 91' lang='lat' dir='ltr'><strong>si</strong></span> <span class='ocrx_word' id='word_1_157' title='bbox 583 2763 814 2828; x_wconf 84' lang='lat' dir='ltr'><strong>subdiaconus</strong></span> <span class='ocrx_word' id='word_1_158' title='bbox 841 2763 955 2827; x_wconf 79' lang='lat' dir='ltr'><strong>luerit.</strong></span> <span class='ocrx_word' id='word_1_159' title='bbox 1008 2761 1072 2827; x_wconf 84' lang='lat' dir='ltr'><strong>Cui</strong></span> <span class='ocrx_word' id='word_1_160' title='bbox 1100 2771 1215 2826; x_wconf 90' lang='lat' dir='ltr'><strong>autem</strong></span> <span class='ocrx_word' id='word_1_161' title='bbox 1244 2762 1319 2826; x_wconf 88' lang='lat' dir='ltr'><strong>hacc</strong></span> 
     </span>
     <span class='ocr_line' id='line_1_25' title="bbox 373 2862 1322 2946; baseline 0.001 -22"><span class='ocrx_word' id='word_1_162' title='bbox 373 2863 539 2943; x_wconf 82' lang='lat' dir='ltr'><strong>purgatio</strong></span> <span class='ocrx_word' id='word_1_163' title='bbox 568 2863 740 2941; x_wconf 86' lang='lat' dir='ltr'><strong>defecerit,</strong></span> <span class='ocrx_word' id='word_1_164' title='bbox 762 2870 802 2927; x_wconf 93' lang='lat' dir='ltr'><strong>ut</strong></span> <span class='ocrx_word' id='word_1_165' title='bbox 826 2870 1061 2946; x_wconf 85' lang='lat' dir='ltr'><strong>transgressor</strong></span> <span class='ocrx_word' id='word_1_166' title='bbox 1085 2863 1175 2927; x_wconf 88' lang='lat' dir='ltr'><strong>sacri</strong></span> <span class='ocrx_word' id='word_1_167' title='bbox 1197 2862 1322 2927; x_wconf 90' lang='lat' dir='ltr'><strong>statuti</strong></span> 
     </span>
     <span class='ocr_line' id='line_1_26' title="bbox 372 2961 1320 3046; baseline 0.002 -23"><span class='ocrx_word' id='word_1_168' title='bbox 372 2961 596 3044; x_wconf 88' lang='lat' dir='ltr'><strong>judicabitur.</strong></span> <span class='ocrx_word' id='word_1_169' title='bbox 661 2963 720 3027; x_wconf 94' lang='lat' dir='ltr'><strong>Illi</strong></span> <span class='ocrx_word' id='word_1_170' title='bbox 748 2970 864 3029; x_wconf 89' lang='lat' dir='ltr'><strong>autem</strong></span> <span class='ocrx_word' id='word_1_171' title='bbox 892 2963 1085 3046; x_wconf 90' lang='lat' dir='ltr'><strong>presbyteri</strong></span> <span class='ocrx_word' id='word_1_172' title='bbox 1114 2961 1186 3045; x_wconf 91' lang='lat' dir='ltr'><strong>qui,</strong></span> <span class='ocrx_word' id='word_1_173' title='bbox 1212 2963 1320 3027; x_wconf 82' lang='lat' dir='ltr'><strong>divini</strong></span> 
     </span>
     <span class='ocr_line' id='line_1_27' title="bbox 377 3062 1319 3146; baseline 0.002 -21"><span class='ocrx_word' id='word_1_174' title='bbox 377 3062 497 3125; x_wconf 88' lang='lat' dir='ltr'><strong>altaris</strong></span> <span class='ocrx_word' id='word_1_175' title='bbox 518 3071 554 3127; x_wconf 88' lang='lat' dir='ltr'><strong>et</strong></span> <span class='ocrx_word' id='word_1_176' title='bbox 569 3082 745 3128; x_wconf 89' lang='lat' dir='ltr'><strong>sacrorum</strong></span> <span class='ocrx_word' id='word_1_177' title='bbox 768 3063 926 3128; x_wconf 86' lang='lat' dir='ltr'><strong>ordinum</strong></span> <span class='ocrx_word' id='word_1_178' title='bbox 949 3070 1214 3146; x_wconf 66' lang='lat' dir='ltr'><strong>contemptores</strong></span> <span class='ocrx_word' id='word_1_179' title='bbox 1230 3082 1319 3145; x_wconf 86' lang='lat' dir='ltr'><strong>prae·</strong></span> 
     </span>
     <span class='ocr_line' id='line_1_28' title="bbox 376 3160 1320 3242; baseline 0.001 -17"><span class='ocrx_word' id='word_1_180' title='bbox 376 3162 543 3242; x_wconf 88' lang='lat' dir='ltr'><strong>elegerint</strong></span> <span class='ocrx_word' id='word_1_181' title='bbox 557 3182 635 3226; x_wconf 94' lang='lat' dir='ltr'><strong>cum</strong></span> <span class='ocrx_word' id='word_1_182' title='bbox 649 3163 849 3228; x_wconf 84' lang='lat' dir='ltr'><strong>mulieribus</strong></span> <span class='ocrx_word' id='word_1_183' title='bbox 864 3163 1034 3240; x_wconf 89' lang='lat' dir='ltr'><strong>babitare,</strong></span> <span class='ocrx_word' id='word_1_184' title='bbox 1046 3183 1067 3227; x_wconf 90' lang='lat' dir='ltr'><strong>a</strong></span> <span class='ocrx_word' id='word_1_185' title='bbox 1078 3163 1196 3227; x_wconf 90' lang='lat' dir='ltr'><strong>divino</strong></span> <span class='ocrx_word' id='word_1_186' title='bbox 1208 3160 1320 3227; x_wconf 88' lang='lat' dir='ltr'><strong>officio</strong></span> 
     </span>
     <span class='ocr_line' id='line_1_29' title="bbox 376 3262 1319 3346; baseline 0.003 -23"><span class='ocrx_word' id='word_1_187' title='bbox 376 3263 511 3338; x_wconf 88' lang='lat' dir='ltr'><strong>remoti,</strong></span> <span class='ocrx_word' id='word_1_188' title='bbox 537 3263 698 3344; x_wconf 90' lang='lat' dir='ltr'><strong>omnique</strong></span> <span class='ocrx_word' id='word_1_189' title='bbox 724 3262 959 3328; x_wconf 87' lang='lat' dir='ltr'><strong>ecclesiastico</strong></span> <span class='ocrx_word' id='word_1_190' title='bbox 987 3262 1152 3328; x_wconf 87' lang='lat' dir='ltr'><strong>beneficio</strong></span> <span class='ocrx_word' id='word_1_191' title='bbox 1179 3264 1319 3346; x_wconf 85' lang='lat' dir='ltr'><strong>privati,</strong></span> 
     </span>
     <span class='ocr_line' id='line_1_30' title="bbox 376 3361 1319 3446; baseline 0.004 -24"><span class='ocrx_word' id='word_1_192' title='bbox 376 3369 479 3424; x_wconf 85' lang='lat' dir='ltr'><strong>extra</strong></span> <span class='ocrx_word' id='word_1_193' title='bbox 510 3361 651 3426; x_wconf 89' lang='lat' dir='ltr'><strong>chorum</strong></span> <span class='ocrx_word' id='word_1_194' title='bbox 690 3372 877 3445; x_wconf 89' lang='lat' dir='ltr'><strong>ponantur,</strong></span> <span class='ocrx_word' id='word_1_195' title='bbox 910 3364 1055 3427; x_wconf 80' lang='lat' dir='ltr'><strong>infames</strong></span> <span class='ocrx_word' id='word_1_196' title='bbox 1094 3363 1319 3446; x_wconf 85' lang='lat' dir='ltr'><strong>pronuntiati.</strong></span> 
     </span>
     <span class='ocr_line' id='line_1_31' title="bbox 377 3459 1319 3546; baseline 0.004 -24"><span class='ocrx_word' id='word_1_197' title='bbox 377 3459 445 3538; x_wconf 85' lang='lat' dir='ltr'><strong>Qui</strong></span> <span class='ocrx_word' id='word_1_198' title='bbox 474 3479 555 3524; x_wconf 91' lang='lat' dir='ltr'><strong>vero</strong></span> <span class='ocrx_word' id='word_1_199' title='bbox 581 3462 717 3526; x_wconf 86' lang='lat' dir='ltr'><strong>rebellis</strong></span> <span class='ocrx_word' id='word_1_200' title='bbox 746 3469 782 3527; x_wconf 88' lang='lat' dir='ltr'><strong>et</strong></span> <span class='ocrx_word' id='word_1_201' title='bbox 806 3471 1025 3546; x_wconf 89' lang='lat' dir='ltr'><strong>contemptor</strong></span> <span class='ocrx_word' id='word_1_202' title='bbox 1046 3463 1222 3527; x_wconf 79' lang='lat' dir='ltr'><strong>foeminam</strong></span> <span class='ocrx_word' id='word_1_203' title='bbox 1250 3482 1319 3526; x_wconf 91' lang='lat' dir='ltr'><strong>non</strong></span> 
     </span>
     <span class='ocr_line' id='line_1_32' title="bbox 377 3559 1320 3647; baseline 0.004 -25"><span class='ocrx_word' id='word_1_204' title='bbox 377 3559 564 3642; x_wconf 87' lang='lat' dir='ltr'><strong>reliquerit,</strong></span> <span class='ocrx_word' id='word_1_205' title='bbox 599 3571 634 3625; x_wconf 90' lang='lat' dir='ltr'><strong>et</strong></span> <span class='ocrx_word' id='word_1_206' title='bbox 668 3564 809 3627; x_wconf 88' lang='lat' dir='ltr'><strong>missam</strong></span> <span class='ocrx_word' id='word_1_207' title='bbox 842 3565 1015 3628; x_wconf 90' lang='lat' dir='ltr'><strong>celebrare</strong></span> <span class='ocrx_word' id='word_1_208' title='bbox 1048 3563 1320 3647; x_wconf 87' lang='lat' dir='ltr'><strong>praesumpserit,</strong></span> 
     </span>
     <span class='ocr_line' id='line_1_33' title="bbox 377 3661 1318 3744; baseline 0.002 -20"><span class='ocrx_word' id='word_1_209' title='bbox 377 3668 523 3724; x_wconf 88' lang='lat' dir='ltr'><strong>vocatus</strong></span> <span class='ocrx_word' id='word_1_210' title='bbox 545 3661 590 3724; x_wconf 89' lang='lat' dir='ltr'><strong>ad</strong></span> <span class='ocrx_word' id='word_1_211' title='bbox 614 3663 900 3740; x_wconf 86' lang='lat' dir='ltr'><strong>satisfactionem,</strong></span> <span class='ocrx_word' id='word_1_212' title='bbox 916 3664 946 3728; x_wconf 93' lang='lat' dir='ltr'><strong>si</strong></span> <span class='ocrx_word' id='word_1_213' title='bbox 971 3664 1177 3744; x_wconf 86' lang='lat' dir='ltr'><strong>neglexerit,</strong></span> <span class='ocrx_word' id='word_1_214' title='bbox 1192 3671 1318 3727; x_wconf 88' lang='lat' dir='ltr'><strong>octavo</strong></span> 
     </span>
     <span class='ocr_line' id='line_1_34' title="bbox 376 3759 1319 3829; baseline 0.003 -6"><span class='ocrx_word' id='word_1_215' title='bbox 376 3759 432 3823; x_wconf 89' lang='lat' dir='ltr'><strong>die</strong></span> <span class='ocrx_word' id='word_1_216' title='bbox 458 3762 785 3828; x_wconf 84' lang='lat' dir='ltr'><strong>excommunicetur.</strong></span> <span class='ocrx_word' id='word_1_217' title='bbox 848 3763 979 3828; x_wconf 90' lang='lat' dir='ltr'><strong>Eadem</strong></span> <span class='ocrx_word' id='word_1_218' title='bbox 1009 3764 1181 3829; x_wconf 90' lang='lat' dir='ltr'><strong>sententia</strong></span> <span class='ocrx_word' id='word_1_219' title='bbox 1206 3763 1319 3826; x_wconf 88' lang='lat' dir='ltr'><strong>archi·</strong></span> 
     </span>
     <span class='ocr_line' id='line_1_35' title="bbox 375 3860 1319 3947; baseline 0.002 -23"><span class='ocrx_word' id='word_1_220' title='bbox 375 3860 539 3925; x_wconf 90' lang='lat' dir='ltr'><strong>diaconos</strong></span> <span class='ocrx_word' id='word_1_221' title='bbox 561 3870 598 3925; x_wconf 90' lang='lat' dir='ltr'><strong>et</strong></span> <span class='ocrx_word' id='word_1_222' title='bbox 612 3863 799 3927; x_wconf 90' lang='lat' dir='ltr'><strong>canonicos</strong></span> <span class='ocrx_word' id='word_1_223' title='bbox 816 3882 936 3927; x_wconf 91' lang='lat' dir='ltr'><strong>omnes</strong></span> <span class='ocrx_word' id='word_1_224' title='bbox 954 3863 1209 3947; x_wconf 81' lang='lat' dir='ltr'><strong>com-plectitur,</strong></span> <span class='ocrx_word' id='word_1_225' title='bbox 1222 3871 1258 3927; x_wconf 91' lang='lat' dir='ltr'><strong>et</strong></span> <span class='ocrx_word' id='word_1_226' title='bbox 1275 3863 1319 3926; x_wconf 91' lang='lat' dir='ltr'><strong>de</strong></span> 
     </span>
     <span class='ocr_line' id='line_1_36' title="bbox 368 3961 1319 4046; baseline 0.005 -25"><span class='ocrx_word' id='word_1_227' title='bbox 368 3961 573 4025; x_wconf 33' lang='lat' dir='ltr'><strong>&lt;mulieribus</strong></span> <span class='ocrx_word' id='word_1_228' title='bbox 604 3963 849 4046; x_wconf 69' lang='lat' dir='ltr'><strong>relinquendis</strong></span> <span class='ocrx_word' id='word_1_229' title='bbox 881 3971 917 4028; x_wconf 92' lang='lat' dir='ltr'><strong>et</strong></span> <span class='ocrx_word' id='word_1_230' title='bbox 948 3964 991 4027; x_wconf 87' lang='lat' dir='ltr'><strong>de</strong></span> <span class='ocrx_word' id='word_1_231' title='bbox 1024 3964 1166 4028; x_wconf 79' lang='lat' dir='ltr'><strong>vitanda</strong></span> <span class='ocrx_word' id='word_1_232' title='bbox 1200 3983 1319 4028; x_wconf 88' lang='lat' dir='ltr'><strong>earum</strong></span> 
     </span>
     <span class='ocr_line' id='line_1_37' title="bbox 374 4062 1320 4140; baseline 0.004 -17"><span class='ocrx_word' id='word_1_233' title='bbox 374 4062 648 4139; x_wconf 89' lang='lat' dir='ltr'><strong>conversatione,</strong></span> <span class='ocrx_word' id='word_1_234' title='bbox 666 4071 701 4127; x_wconf 90' lang='lat' dir='ltr'><strong>et</strong></span> <span class='ocrx_word' id='word_1_235' title='bbox 719 4063 761 4126; x_wconf 89' lang='lat' dir='ltr'><strong>de</strong></span> <span class='ocrx_word' id='word_1_236' title='bbox 784 4063 999 4128; x_wconf 87' lang='lat' dir='ltr'><strong>districtione</strong></span> <span class='ocrx_word' id='word_1_237' title='bbox 1021 4083 1188 4140; x_wconf 87' lang='lat' dir='ltr'><strong>censurae,</strong></span> <span class='ocrx_word' id='word_1_238' title='bbox 1203 4065 1232 4127; x_wconf 91' lang='lat' dir='ltr'><strong>si</strong></span> <span class='ocrx_word' id='word_1_239' title='bbox 1250 4070 1320 4127; x_wconf 87' lang='lat' dir='ltr'><strong>sta·</strong></span> 
     </span>
     <span class='ocr_line' id='line_1_38' title="bbox 374 4162 1320 4244; baseline 0.005 -20"><span class='ocrx_word' id='word_1_240' title='bbox 374 4169 452 4224; x_wconf 91' lang='lat' dir='ltr'><strong>tuta</strong></span> <span class='ocrx_word' id='word_1_241' title='bbox 478 4164 684 4244; x_wconf 88' lang='lat' dir='ltr'><strong>transgressi</strong></span> <span class='ocrx_word' id='word_1_242' title='bbox 706 4162 843 4228; x_wconf 86' lang='lat' dir='ltr'><strong>fuerint.</strong></span> <span class='ocrx_word' id='word_1_243' title='bbox 895 4162 1071 4229; x_wconf 81' lang='lat' dir='ltr'><strong>durabunt</strong></span> <span class='ocrx_word' id='word_1_244' title='bbox 1089 4163 1320 4229; x_wconf 86' lang='lat' dir='ltr'><strong>archidiaconi</strong></span> 
     </span>
    </p>
   </div>
   <div class='ocr_carea' id='block_1_5' title="bbox 0 0 1464 4866">
    <p class='ocr_par' dir='ltr' id='par_1_5' title="bbox 0 0 1464 4866">
     <span class='ocr_line' id='line_1_39' title="bbox 0 0 1464 4866; baseline 0 2"><span class='ocrx_word' id='word_1_245' title='bbox 0 0 1464 4866; x_wconf 95' lang='lat' dir='ltr'><strong> </strong></span> 
     </span>
    </p>
   </div>
  </div>
 </body>
</html>
