2918 4866
380 377 446 442 244
632 388 879 440 courrnuarro
902 387 1078 436 cunonrcr

382 551 437 614 cui
459 549 626 614 successit
644 547 839 614 Willelmus
864 546 907 610 de
930 546 1069 621 Sutton,
1085 545 1242 629 ejusdem
1264 544 1334 612 loci

221 669 324 730 aequor
334 669 371 708 the
384 651 603 715 camerarius.
657 649 870 729 Margareta,
886 646 957 710 filia
972 646 1055 708 Irici
1067 647 1158 727 regis
1182 645 1333 712 Norwa-

222 719 343 819 trusi
385 752 464 834 grae,
482 758 517 814 et
534 749 757 830 Margaretae,
775 746 853 810 firiae
870 744 1061 810 Alexandri
1085 746 1176 827 regis
1192 747 1333 825 sconae,

385 851 495 915 serius
510 851 582 914 sine
598 848 732 912 haerede
748 846 790 910 de
802 866 839 910 se
855 846 1021 923 defuncti,
1037 846 1104 928 [et]
1121 845 1334 929 Margaretae

386 951 525 1032 reginae,
544 948 623 1012 filiae
643 947 787 1011 Henrici
811 946 901 1027 regis
920 945 1125 1026 Anglorum,
1141 953 1177 1010 et
1202 949 1335 1012 sororis

388 1048 574 1114 Eadwardi
589 1048 694 1129 regis,
711 1046 865 1131 ejusdem
887 1046 978 1127 regis
997 1046 1070 1123 filii,
1084 1046 1150 1122 cni,
1167 1052 1334 1129 tanquam

388 1149 612 1232 propinquior
634 1147 815 1228 sanguine,
830 1147 927 1228 regni
943 1144 1069 1209 Scotiaa
1080 1145 1140 1228 jus
1160 1154 1336 1228 compete-

388 1250 449 1313 bat
474 1247 751 1320 haereditarium
776 1266 854 1329 quaa
881 1246 998 1322 etiam,
1020 1245 1278 1328 dispensatione
1300 1248 1337 1311 in

389 1349 485 1412 curia
500 1347 661 1412 Romana
677 1347 751 1430 jam
768 1345 971 1428 praehabita,
990 1346 1197 1422 Eadwardo,
1213 1366 1337 1429 supra·

391 1447 474 1513 dicti
489 1446 580 1530 regis
598 1445 784 1510 Eadwardi
805 1445 886 1521 filio,
907 1444 1052 1528 nuptiali
1074 1446 1202 1509 foedere
1219 1465 1257 1510 sa
1277 1466 1337 1530 pa·

390 1549 533 1612 rabatur
564 1547 670 1610 fuisse
702 1546 907 1628 copulanda,
935 1546 970 1609 in
1004 1545 1118 1610 insula
1153 1544 1339 1630 Orkeneya

391 1647 598 1729 defungitur.
655 1644 833 1722 Alienora,
860 1646 981 1726 regina
1017 1645 1168 1727 Angliae,
1208 1646 1340 1711 domini

259 1726 283 1754 ⁰⁶
310 1775 328 1804 ι.
391 1748 483 1828 regis
500 1765 651 1822 consors,
673 1761 721 1809 lv,
739 1743 809 1809 kal.
826 1744 990 1808 Decemb.
1019 1742 1078 1829 [28
1102 1742 1227 1830 Nov.],
1243 1747 1338 1829 apud

392 1847 572 1930 Herdeby,
581 1847 617 1910 in
628 1845 793 1909 comitatu
810 1844 1052 1921 Lincolniensi,
1062 1845 1143 1909 vitae
1157 1846 1339 1911 terminum

392 1947 492 2026 secit3
516 1945 654 2028 sepulta
670 1951 784 2009 autem
808 1952 861 2009 est
883 1945 976 2026 apud
991 1944 1341 2010 westmonasterium

393 2066 472 2110 cum
503 2053 675 2129 apparatu
704 2044 828 2108 celebri
859 2051 893 2108 et
921 2053 1138 2127 sumptuoso,
1163 2061 1240 2112 xvi.
1269 2044 1341 2112 kal.

394 2147 416 2211 J
420 2165 540 2213 anuar.
574 2141 634 2229 [17
663 2142 778 2229 Dec.].
841 2143 920 2222 Quo
946 2145 1050 2222 sacto,
1083 2144 1242 2209 dominus
1277 2165 1341 2210 rex

393 2264 514 2308 versus
540 2243 738 2327 Ayisrigge,
761 2243 1014 2308 heremitorium
1043 2245 1177 2308 comitis
1204 2243 1340 2309 Cornu-

394 2345 472 2421 biae,
490 2342 619 2408 Natale
637 2343 855 2408 Dominicum
871 2345 1106 2409 celebraturus
1122 2345 1275 2410 divertit.

243 2464 372 2506 aaran.
447 2444 558 2508 Facta
584 2450 638 2507 est
662 2442 800 2524 eclipsis
825 2444 918 2507 lunae
944 2461 1007 2508 xv.
1036 2442 1105 2508 kal.
1132 2444 1252 2508 Martii
1280 2441 1342 2529 [15

259 2541 350 2621 ,ἧξοζ
397 2543 508 2625 Feb.].
539 2542 648 2608 Sexto
663 2544 709 2608 id.
731 2542 831 2607 Febr.
849 2544 886 2626 [8
900 2544 1013 2625 Feb.],
1033 2543 1233 2621 Londoniae,
1249 2544 1344 2609 circa

395 2642 514 2707 horam
540 2644 698 2727 primam,
723 2645 839 2707 subito
865 2649 899 2706 et
928 2644 1103 2726 inopinate
1127 2644 1277 2709 intonuit
1300 2645 1344 2710 de

395 2743 484 2806 coelo
508 2744 678 2807 Dominus
700 2750 771 2806 tam
788 2743 955 2807 violenter
976 2754 1011 2808 et
1034 2744 1156 2806 acerbe
1171 2745 1263 2826 quod
1280 2763 1343 2809 au-

264 2872 301 2901 ae
395 2842 560 2906 dientinm
574 2844 679 2907 corda
696 2842 898 2906 mirabiliter
909 2850 990 2906 sunt
1006 2845 1198 2926 perterrita.
1246 2843 1346 2908 Inter

251 2922 330 3009 alii?
397 2942 575 3006 ecclesiam
601 2943 797 3006 Romanam
821 2948 856 3005 ct
875 2942 1058 3020 Karolum,
1072 2963 1186 3026 regern
1203 2942 1344 3022 Siciliae,

252 3023 275 3101 1¹0¹
301 3011 384 3102 f'n'ffld
398 3061 444 3105 ex
467 3061 537 3106 una
560 3051 672 3125 parte,
689 3049 724 3105 et
749 3040 904 3118 Petrum,
921 3061 1039 3124 regem
1057 3041 1273 3124 Arragoniae,
1298 3064 1343 3109 ex

397 3140 527 3219 altera;
552 3161 668 3224 regem
694 3140 850 3205 Franciae
876 3161 921 3204 ex
948 3163 1018 3206 una
1036 3150 1146 3224 parte,
1169 3152 1204 3206 et
1225 3163 1345 3225 regem

398 3240 604 3322 Arragoniae
627 3261 671 3305 ex
695 3240 825 3321 altera3
849 3242 944 3319 item,
966 3261 1082 3322 regem
1119 3243 1273 3306 Franciae
1297 3264 1343 3308 ex

399 3359 467 3403 una
484 3348 595 3421 parto,
613 3347 647 3403 et
671 3359 786 3420 regern
815 3340 996 3425 Hispaniae
1020 3361 1065 3404 ex
1088 3343 1210 3419 altera,
1227 3343 1344 3408 multi·

397 3439 507 3502 modis
540 3439 685 3514 damniS,
716 3439 865 3503 caedibus
901 3450 935 3504 ct
968 3441 1235 3518 calamitatibus,
1264 3442 1346 3508 hinc

396 3538 474 3601 inde
506 3538 790 3619 praecedentibus,
820 3559 902 3621 rege
935 3541 1108 3623 praecipue
1133 3539 1271 3624 Angliae
1307 3558 1345 3608 se

395 3637 655 3715 intermittente,
670 3646 704 3702 et
730 3639 874 3703 nuncios
904 3658 986 3703 suos
1014 3640 1198 3705 sollemnes
1215 3643 1259 3706 ad
1281 3662 1345 3725 pa·

396 3756 469 3800 cem
485 3738 738 3820 procurandam
754 3746 789 3802 et
804 3739 1017 3803 formandam
1032 3741 1076 3804 ad
1091 3749 1208 3822 partes
1229 3752 1344 3807 trans·

396 3838 547 3900 marinas
563 3839 828 3916 transmittente,
846 3858 916 3920 pax
934 3846 969 3903 ct
984 3840 1166 3904 concordia
1182 3841 1276 3906 facta
1290 3850 1346 3908 est

288 3963 302 4001 r
396 3945 431 4001 et
443 3937 655 4001 confirmata.
709 3936 798 4016 Quae
823 3944 938 4002 tamen
964 3940 1060 4002 bravi
1076 3947 1155 4022 post
1178 3950 1346 4024 tempore,

397 4036 503 4101 Petro
530 4036 689 4101 videlicet
717 4036 921 4118 Arragoniae
952 4057 1034 4119 rege
1060 4046 1208 4117 mortuo,
1236 4039 1260 4103 J
1263 4059 1346 4105 aco·

395 4138 519 4219 boquc,
535 4136 641 4200 fratre
663 4156 739 4216 suo,
765 4156 909 4218 regnum
927 4137 1053 4202 Siciliae
1075 4138 1220 4204 viriliter
1242 4159 1346 4205 occu·
1373 4213 1377 4220 ⁸
