2918 4866
357 385 549 433 rnonnnrn
577 384 856 433 wreonmnnsrs.
1039 370 1083 432 45

133 542 254 624 lingua
295 541 488 625 Anglorum
526 545 643 610 Ytene
684 550 914 626 nuncupatur,
952 552 1082 609 venatu

134 652 226 708 esset
248 656 451 727 occupatus,
470 647 656 728 aquodam
675 646 822 720 Franco,
838 644 1008 717 Waltero,
1025 665 1083 709 co·

133 753 321 824 gnomento
344 745 500 822 Tirello‚¹
530 748 660 828 sagitta
684 748 823 810 incaute
848 746 979 810 directa
1004 765 1082 827 per·

134 864 268 921 cussus,
293 847 401 910 vitam
424 846 548 923 finivit,
575 854 610 911 et
630 846 843 911 Wintoniam
872 845 1019 923 delatuS,
1046 847 1083 909 in

136 944 257 1009 Veteri
276 945 503 1023 Monasterio,
518 947 554 1009 in
571 947 716 1010 ecclesia
743 947 777 1010 S.
793 947 890 1011 Petri
905 954 957 1010 est
971 954 1083 1011 tumu-

134 1045 238 1109 latus.
292 1046 368 1111 Nec
396 1047 531 1123 mirum,
560 1055 598 1111 ut
627 1047 747 1130 populi
776 1068 893 1111 rumor
925 1045 1083 1125 affirmat,
1096 1078 1218 1120 cemma

136 1144 226 1210 hanc
248 1147 476 1229 proculdubio
497 1167 658 1229 magnam
681 1148 749 1212 Dei
766 1149 927 1212 virtutem
953 1168 1028 1212 esse
1049 1157 1085 1213 et
1097 1129 1215 1231 ξῖἓῖιῖἓζξῗ
1216 1129 1227 1167 ¹

136 1247 332 1311 vindictam.
386 1247 549 1330 Antiquis
560 1250 650 1312 enim
665 1249 887 1330 temporibus
901 1248 1085 1312 Eadwardi

135 1347 268 1412 scilicet
291 1349 395 1430 regie,
414 1356 449 1412 et
475 1349 619 1412 aliorum
644 1347 783 1431 Angliae
807 1368 928 1430 regum
955 1350 1085 1431 praede·

135 1466 309 1512 cessurum
328 1449 416 1532 ejus,
429 1449 549 1514 eadem
564 1450 659 1530 regio
674 1448 795 1513 incolis
813 1449 880 1512 Dei
895 1449 1086 1514 cultoribus

136 1554 172 1611 et
200 1548 354 1613 ecclesiis
381 1550 514 1613 nitebat
540 1551 730 1629 uberrime3
765 1549 837 1626 sed,
866 1549 969 1633 jussu
993 1551 1085 1633 regis

137 1647 306 1713 Willelmi
335 1650 491 1726 senioris,
529 1650 724 1714 hominibus
754 1650 897 1731 iugatis,
928 1650 1086 1715 domibus

136 1749 324 1826 semirutis,
342 1749 494 1814 ecclesiis
513 1751 709 1828 destructis,
724 1757 817 1814 terra
838 1750 986 1814 ferarum
1010 1761 1086 1814 tan·

138 1857 211 1915 tum
237 1851 414 1915 colebatur
440 1850 664 1928 habitatione,
683 1859 719 1915 et
740 1851 831 1928 inde,
858 1858 897 1915 ut
923 1851 1086 1928 creditur,

137 1970 245 2014 causa
275 1959 351 2015 erat
379 1951 569 2016 infortunii.
616 1951 709 2039 Nam
742 1958 777 2015 et
805 1958 907 2015 antea
932 1951 1085 2036 ejusdem

138 2050 307 2116 Willelmi
330 2050 479 2135 junioris
497 2072 693 2134 germanus,
711 2052 896 2129 Ricardus,
915 2053 951 2114 in
968 2053 1086 2116 eadem

139 2150 269 2215 foresta
286 2153 396 2217 multo
422 2159 502 2216 ante
529 2154 690 2235 perierat,
713 2160 747 2216 et
774 2152 878 2236 paulo
901 2159 982 2216 ante
1005 2171 1088 2216 suus

139 2251 325 2326 fratruelis
344 2253 528 2330 RicarduS,
552 2253 686 2318 comitis
710 2254 843 2317 seilicet
867 2252 901 2317 N
904 2272 1088 2317 ermanno-

138 2372 215 2416 rum
231 2352 394 2417 Rotberti
409 2353 511 2429 filius,
527 2353 609 2417 dum
624 2361 659 2417 et
673 2354 748 2435 ipse
759 2355 795 2416 in
811 2361 940 2418 venatu
956 2354 1089 2431 fuisset,

141 2471 164 2516 a
177 2473 242 2517 suo
268 2453 377 2517 milite
403 2455 532 2536 sagitta
549 2473 733 2536 percussus
754 2454 896 2518 interiit.
948 2452 992 2518 In
1013 2453 1090 2518 loco

140 2572 210 2634 quo
241 2572 304 2617 rex
333 2555 507 2631 occubuit,
537 2554 659 2637 priscis
699 2554 910 2636 temporibus
943 2553 1090 2620 ecclesia

142 2653 256 2718 suerat
271 2659 483 2731 constructa,
499 2656 559 2718 sed
577 2654 687 2739 patris
702 2656 757 2719 sui
771 2662 936 2736 tempore,
951 2663 990 2719 ut
1004 2675 1091 2737 prae-

142 2753 308 2831 diximus,
331 2762 408 2819 erat
436 2756 560 2819 diruta.
612 2755 778 2839 Ejusdem
808 2756 899 2837 regis
924 2761 1207 2837 temporaneum.

142 2862 183 2918 ut
204 2874 250 2918 ex
272 2862 371 2937 parte
394 2856 647 2939 praetitulatum
673 2863 738 2932 est,
763 2857 800 2919 in
826 2855 912 2931 sole,
936 2854 1032 2932 luna,
1055 2863 1090 2920 et

142 2955 253 3019 stellis
269 2955 380 3020 multa
404 2955 534 3020 fiebant
561 2956 681 3039 signa3
705 2975 800 3019 mare
828 2975 966 3038 quoque
991 2955 1091 3020 littus

142 3075 297 3139 persaepe
329 3057 580 3137 egrediebatur,
611 3063 646 3120 et
677 3056 830 3120 homines
862 3065 897 3120 et
927 3055 1090 3119 animalia

142 3157 350 3233 summersit,
362 3156 464 3220 villas
479 3165 515 3221 et
529 3157 649 3221 domos
661 3157 883 3240 quamplures
898 3155 1088 3235 subvertit;

142 3257 179 3320 in
203 3277 294 3339 pago
321 3258 380 3340 qui
402 3257 624 3322 Barrucscire
646 3259 853 3334 nominatur,
869 3265 949 3321 ante
966 3257 1088 3321 occisi·

142 3377 242 3422 onem
269 3356 373 3435 illius,
398 3359 540 3440 sanguis
566 3358 608 3422 de
637 3358 730 3422 fonte
754 3359 865 3422 tribus
889 3359 1089 3441 septimanis

177 3541 316 3614 warin]
345 3546 416 3595 Most
437 3547 537 3596 writers
563 3560 603 3595 as·
627 3551 685 3608 part
706 3547 735 3595 of
759 3546 802 3595 the
829 3546 907 3594 forest
929 3546 1022 3608 during
1047 3546 1089 3595 the

141 3619 210 3668 cribe
221 3618 264 3667 the
275 3616 353 3665 death
364 3616 393 3665 of
400 3615 513 3665 Willium
521 3617 604 3665 Rufus
627 3617 710 3666 whole
727 3617 785 3680 day,
805 3632 851 3665 nor
869 3630 929 3665 seen
947 3616 990 3665 the
1011 3616 1090 3679 king:

141 3692 168 3738 to
178 3688 276 3737 Walter
291 3688 370 3748 Tirel,
385 3687 526 3749 acquitting
543 3687 604 3748 him,
627 3687 636 3714 ‘
644 3687 713 3748 quod
723 3701 754 3736 ea
769 3687 812 3736 die
827 3701 873 3736 nec
884 3687 911 3733 in
922 3701 978 3735 eum
994 3691 1090 3748 partem

142 3759 268 3819 however,
278 3758 308 3806 oi
314 3759 516 3819 premeditation.
552 3758 605 3806 But
629 3759 719 3820 sylvae,
730 3758 757 3804 in
770 3772 823 3818 qua
833 3772 878 3805 rex
888 3757 1037 3818 venabatur,
1048 3772 1091 3806 ve-

145 3827 607 3891 Snger,abbotoiSt.Denis,declares
629 3829 703 3889 nerit,
714 3842 761 3876 nec
778 3842 836 3876 eum
854 3828 880 3876 in
897 3827 971 3888 sylva
982 3827 1092 3876 viderit?

142 3899 197 3948 that
212 3898 245 3948 he
260 3899 340 3948 heard
349 3899 418 3947 Tirel
434 3897 512 3946 affirm
525 3899 551 3945 in
563 3898 606 3947 the
629 3898 697 3947 Tirel
716 3912 772 3947 was
790 3898 846 3946 lord
865 3896 894 3945 of
913 3897 981 3946 Poix
1000 3898 1026 3944 in
1048 3898 1093 3945 Pi-

143 3974 209 4018 most
225 3971 322 4018 solemn
340 3983 451 4029 manner,
470 3969 521 4017 and
542 3973 569 4017 at
591 3983 607 4017 a
630 3969 802 4030 camp-See
819 3969 909 4030 Suger,
920 3968 980 4015 vita
993 3968 1093 4016 Ludov.

141 4041 202 4090 time
213 4040 289 4089 when
301 4040 333 4090 he
346 4039 398 4088 had
412 4039 517 4101 nothing
527 4038 608 4087 either
632 4038 708 4088 Gros.
725 4055 752 4101 p.
768 4043 827 4102 28³,
845 4038 953 4088 Orderic
969 4038 1048 4085 vital.
1067 4053 1093 4087 x.

82 4144 90 4159 .
141 4115 168 4160 to
185 4110 240 4160 sear
250 4125 279 4160 or
288 4110 355 4172 hope
372 4109 435 4158 from
446 4109 488 4157 the
500 4108 607 4170 avowel,
632 4113 727 4170 piel.

141 4181 197 4230 that
215 4181 247 4231 he
265 4181 316 4230 had
337 4185 381 4230 not
398 4180 494 4229 hunted
512 4180 538 4228 in
553 4179 608 4228 that
