2918 4866
361 389 427 453 108
606 402 856 451 courmuarro
880 402 1055 450 cunonrcr

360 565 469 629 adsui
484 565 727 640 defensionem,
737 564 767 626 si
781 583 921 627 necesse
935 570 1039 640 esset,
1055 571 1196 647 paratos
1201 563 1310 647 jussit

359 666 491 730 adesse.
543 665 685 730 Interim
711 683 792 745 rege
815 684 892 727 cum
920 664 1092 746 episcopis
1115 683 1239 728 causas
1256 666 1309 729 di-

359 786 478 830 versas
494 774 679 842 tractante,
694 765 785 829 inter
803 774 986 846 utramque
999 765 1146 828 militum
1160 774 1306 847 partem,

359 886 462 931 causa
486 867 726 948 hospitiorum,
746 865 914 929 tumultus
940 864 1066 928 suroris
1087 884 1234 947 magnus
1257 866 1307 930 in·

359 968 518 1031 canduit:
543 967 633 1030 unde
656 966 761 1048 regiis
787 964 954 1028 militibus
978 965 1022 1028 ad
1046 985 1142 1030 arma
1163 986 1307 1030 concur-

359 1068 525 1144 rentibus,
547 1066 665 1148 fugam
687 1067 808 1129 ineunt
830 1065 1056 1147 episcopales,
1080 1067 1307 1149 apparatibus

358 1168 430 1231 suis
447 1167 617 1231 universis
632 1173 712 1248 post
727 1173 827 1247 terga
842 1165 982 1229 relictis
1030 1165 1176 1248 Capitur
1191 1186 1213 1230 a
1225 1187 1306 1249 rege

358 1266 628 1349 Salesbyriensis
644 1268 826 1348 episcopus
846 1266 1008 1346 Rogerus
1030 1286 1107 1329 cum
1132 1266 1306 1331 Lincolni-

358 1368 432 1431 ensi
462 1369 637 1450 episcopo,
664 1374 699 1430 et
728 1366 799 1430 filio
830 1366 984 1447 Roger'o,
1012 1366 1173 1448 Paupere
1198 1386 1307 1432 censu

358 1469 584 1549 cognomine;
610 1466 758 1531 Eliensis
782 1466 933 1549 elapsus,
957 1467 1098 1530 Divisas
1125 1467 1305 1532 castellum

357 1568 455 1646 adiit,
470 1568 629 1645 munivit,
645 1577 768 1632 contra
790 1587 906 1648 regem
929 1568 1053 1633 tenuit.
1106 1566 1208 1631 Unde
1231 1588 1305 1645 rex,

355 1668 409 1732 ira
439 1659 644 1745 commotus,
671 1687 818 1751 eumque
840 1675 1056 1750 prosecutus
1079 1675 1201 1750 captos
1231 1669 1305 1751 epi·

355 1788 493 1850 scopos,
516 1789 622 1832 unum
650 1768 841 1849 Rogerum,
863 1767 1007 1844 scilicet,
1029 1767 1064 1830 in
1089 1769 1243 1832 bostario
1270 1770 1305 1833 in

355 1869 458 1932 boum
482 1869 675 1952 praesaepio,
699 1868 845 1932 alterum
868 1868 932 1931 sub
955 1868 1017 1931 vili
1044 1869 1182 1950 tugurio
1206 1871 1306 1951 ponit

354 1971 418 2032 sub
449 1970 619 2045 custodia,
647 1969 748 2032 tertio
777 1968 1012 2050 suspensionis
1042 1977 1144 2050 parat
1171 1970 1304 2052 suppli·

355 2069 457 2146 cium,
489 2071 523 2133 ni
549 2070 615 2132 sibi
646 2070 746 2132 citius
776 2068 940 2131 reddatur
966 2068 1159 2133 castellum.
1223 2069 1303 2134 Hoc

355 2168 474 2232 videns
493 2168 667 2249 Rogerus,
684 2187 748 2231 suo
771 2175 927 2232 metuens
950 2168 1034 2245 filio,
1047 2167 1247 2250 juramento
1265 2190 1304 2235 se

355 2268 510 2345 strinxit,
536 2288 712 2351 nunquam
738 2287 776 2332 se
802 2268 1089 2332 manducaturum
1114 2270 1188 2333 sive
1218 2271 1303 2334 bibi-

356 2375 484 2445 turum,
511 2369 619 2432 donec
645 2368 847 2451 praedictum
871 2388 934 2431 rex
959 2368 1084 2433 habeat
1110 2369 1302 2435 castellum.

356 2466 458 2545 Quod
490 2478 525 2534 et
554 2469 684 2533 factum
710 2476 785 2543 est;
820 2468 932 2532 tribus
965 2470 1054 2532 enim
1082 2469 1204 2534 diebus
1232 2491 1302 2535 non

353 2570 577 2633 manducavit
604 2589 716 2651 neque
743 2570 841 2634 bibit.
894 2569 974 2632 Rex
1000 2569 1078 2632 inde
1104 2589 1180 2633 cum
1205 2571 1303 2652 regia

189 2683 301 2773 gggoffcrtjon
311 2684 336 2723 or
352 2670 572 2734 multitudine
588 2669 803 2733 Lundouiam
819 2669 869 2732 ire
883 2670 1047 2751 perrexit.
1093 2668 1302 2734 Gausfridus

189 2745 285 2824 Talbotl
353 2778 469 2834 autem
488 2770 531 2834 de
546 2770 709 2847 Talebot‚
726 2789 843 2851 regem
862 2769 958 2852 pacis
974 2770 1123 2832 amicum
1138 2770 1301 2834 deserens

353 2890 431 2933 cum
449 2873 534 2948 suis,
545 2870 589 2934 ad
601 2869 880 2934 Glaocestrensis
891 2869 1026 2933 comitis
1039 2869 1172 2946 filium,l
1193 2871 1301 2953 Bryc-

352 2979 526 3035 stowense
538 2971 721 3034 castellum
731 2977 851 3034 contra
863 2989 979 3052 regem
989 2976 1175 3047 tenentem,
1187 2971 1300 3034 diver-

188 3082 332 3174 gssgffi,
353 3071 408 3148 tit,
422 3071 585 3153 illiusque
600 3070 779 3133 munimini
791 3090 827 3132 se
839 3069 945 3134 dedit.
986 3069 1057 3147 Qui
1072 3090 1141 3134 uno
1156 3071 1301 3148 dierum,

188 3183 256 3271 {¹1³3ss
267 3145 340 3226 ἔδυνε
353 3172 448 3236 velut
476 3171 615 3235 cuilibet
646 3170 814 3253 spatiatui
841 3189 982 3252 operam
1008 3169 1165 3246 daturus,
1189 3172 1300 3252 magis

241 3260 246 3271 ’
353 3278 481 3347 autem,
500 3282 539 3334 ut
561 3277 640 3352 post
663 3269 799 3346 claruit,
824 3270 1033 3333 Bathoniam
1058 3270 1302 3352 exploraturus

352 3377 387 3432 et
412 3370 630 3451 postmodum
662 3371 859 3446 invasurus
886 3390 964 3433 cum
990 3369 1124 3433 duobus
1151 3372 1301 3434 strenuis

351 3468 529 3545 militibus,
546 3469 724 3534 Willelmo
755 3469 870 3533 Hoset
895 3468 1021 3533 etalio
1051 3470 1213 3551 quodam,
1235 3471 1302 3534 iter

349 3570 410 3632 illo
428 3570 567 3634 direxit.
622 3569 702 3647 Quo
725 3570 878 3650 cognito,
896 3569 1146 3633 Bathoniensis
1172 3570 1302 3653 episco

349 3688 415 3751 pus
448 3669 653 3747 RotbertuS,
680 3670 781 3753 quasi
811 3670 854 3734 de
881 3670 973 3751 regis
1003 3668 1212 3733 adversariis
1238 3671 1300 3732 tri·

384 3905 389 3932 ¹
411 3907 813 3973 Gluoeeatrensiseomitisfilium.]
836 3907 905 3956 Alan
918 3908 1038 3968 Fergant,
1051 3912 1128 3956 count
1139 3908 1168 3955 of
1184 3907 1300 3970 Brittany

346 3978 408 4026 'l'bis
420 3979 563 4027 individual
575 3984 643 4026 must
658 3983 701 4026 not
712 3979 744 4026 be
755 3993 813 4026 con·
837 3979 887 4026 and
907 3977 1055 4026 Ricbmond.
1092 3978 1153 4025 Sax.
1171 3977 1264 4029 Chrou.
1276 3993 1300 4029 a.

345 4049 458 4097 founded
473 4049 537 4097 with
553 4050 632 4097 Briau
649 4048 813 4111 Fitu-Gount
838 4053 912 4098 112⁷.
956 4048 1038 4096 Gesta
1063 4047 1196 4110 Stephani,
1215 4065 1240 4110 p.
1260 4053 1300 4098 58.

345 4120 387 4167 the
395 4120 503 4168 staunch
510 4120 632 4168 adherent
638 4119 667 4167 of
676 4119 813 4180 Mathilda‚
838 4120 878 4168 W.
892 4119 982 4168 Malui.
991 4133 1017 4178 p.
1026 4121 1083 4177 743,
1092 4117 1148 4165 who
1160 4119 1240 4179 styles
1248 4119 1301 4168 him

344 4189 400 4236 lord
418 4190 446 4237 os
460 4190 638 4253 wallingford,
654 4190 707 4238 and
725 4204 771 4238 son
788 4190 817 4238 of
838 4188 950 4238 marchio
961 4188 993 4235 de
1007 4187 1189 4250 walingeford.
