2918 4866
276 403 343 474 200
521 426 769 476 courmunmo
792 427 967 477 cunomcr

277 583 368 648 inira
393 584 600 667 quindenam
627 593 828 670 sequentem
851 588 956 669 regiae
978 587 1058 670 paci
1084 605 1123 651 se
1145 606 1230 671 snp-

278 693 459 768 ponerent.
512 686 627 751 Nocte
649 694 764 751 eutem
787 687 947 771 proxima
968 695 1132 770 sequente
1152 688 1228 770 qui-

279 785 358 850 dem
375 785 503 851 occulti
519 806 673 851 rumores
690 787 845 869 legatum
860 795 895 852 ct
910 807 992 852 suus
1007 787 1229 865 vehementer

280 893 461 964 terrentes,
487 887 602 970 ipsum
634 888 670 951 in
699 888 887 953 crastinum
921 889 1022 971 quasi
1050 888 1229 971 inopinate

118 1002 250 1101 &mm
279 985 347 1050 iter
369 1006 489 1051 versus
514 985 729 1052 Londoniam
753 988 906 1072 arripere
927 988 1094 1054 fecerunt.
1147 987 1229 1067 Quo

281 1087 336 1151 die
358 1087 462 1151 etiam
485 1087 642 1151 dominus
663 1107 738 1166 rex,
759 1088 924 1172 oppidum
947 1087 1042 1153 beati
1063 1086 1229 1172 martyris

281 1187 453 1251 Edmnndi
489 1187 697 1272 relinquens,
729 1189 822 1272 apud
849 1187 1112 1269 Cantabrigiam
1148 1208 1228 1254 eum

281 1287 436 1353 exercitu
467 1306 531 1352 suo
557 1289 830 1366 castrametavit,
855 1289 973 1373 ibique
1002 1296 1114 1353 totum
1131 1288 1228 1374 jeju·

280 1389 375 1453 nium
390 1387 732 1472 Quadragesimale[
734 1389 756 1454 2
775 1389 864 1453 Mar.
868 1389 904 1476 ]
896 1410 932 1453 m
947 1388 1080 1454 insidiis
1093 1389 1228 1455 Elieusi

119 1501 271 1603 mom
282 1488 458 1553 obsidione
474 1489 734 1554 consummavit.
770 1489 912 1554 Interea
926 1490 1144 1553 elaboratum
1160 1498 1228 1566 est,

120 1604 232 1653 brumo-
281 1597 320 1654 nt
346 1590 440 1655 dicta
466 1590 599 1655 obsidio
626 1590 864 1655 frustraretur.
918 1589 1019 1654 Unde
1040 1588 1085 1654 G.
1110 1609 1229 1655 comes

121 1665 177 1705 “m
283 1688 493 1768 Gloverniae,
533 1691 653 1774 vigilia
682 1690 882 1755 Palmarum
915 1687 953 1774 [9
980 1688 1099 1775 Apr.],
1134 1688 1230 1755 Lon·

281 1792 419 1855 doniam
432 1791 626 1874 ingrediens
644 1810 720 1855 cum
736 1810 862 1873 magno
880 1800 1063 1874 apparatu,
1075 1790 1229 1856 civitatis

281 1893 501 1971 munitiones,
540 1893 674 1957 civibus
717 1892 782 1956 sibi
813 1890 1020 1968 faventibus,
1062 1891 1229 1971 continue

281 1994 486 2075 occupavit;
520 1994 578 2075 qui
600 1993 705 2057 etiam
731 1993 848 2074 legato
870 1992 906 2056 in
929 1991 1041 2055 Turre
1064 1991 1230 2057 existenti

281 2093 412 2157 exitum
427 2113 546 2158 versus
557 2094 732 2158 civitatem
744 2091 881 2157 omnino
896 2091 1083 2175 praeclusit.
1124 2090 1229 2170 Quod

282 2212 344 2256 rex
354 2213 435 2257 mox
447 2194 671 2278 comperiens,
681 2193 893 2258 obsidionem
905 2191 1028 2257 insulae
1041 2191 1229 2274 reliquemr,

282 2300 362 2376 post
384 2301 498 2358 octav.
516 2293 661 2358 Paschae
679 2289 742 2383 [24
759 2291 861 2376 Apa]
880 2292 972 2375 apud
990 2291 1163 2356 Stratiord
1190 2313 1229 2358 se

284 2393 425 2475 recepit,
449 2391 664 2458 Londoniam
690 2395 914 2473 obsessurus3
949 2412 1020 2476 quo
1049 2411 1164 2456 comes
1192 2393 1226 2456 S.

285 2492 400 2572 Pauli,
415 2514 529 2559 comes
546 2495 711 2573 Boloniae,
730 2502 765 2559 et
788 2513 902 2559 comes
922 2493 964 2557 de
983 2491 1133 2575 Gysnes‚
1151 2512 1230 2556 cum

284 2614 413 2677 magno
451 2603 622 2678 apparatu
653 2603 832 2673 venerunt,
864 2593 1033 2658 auxilinm
1062 2592 1136 2675 regi
1166 2613 1230 2676 pro

287 2695 417 2760 viribus
442 2697 650 2778 praestaturi.
703 2696 795 2760 Dum
825 2695 900 2759 haec
927 2701 1125 2776 agerentur,
1152 2694 1229 2776 qui·

285 2796 431 2860 busdam
461 2797 594 2861 curiose
623 2796 928 2860 intervenientibus
959 2794 1002 2858 de
1027 2814 1112 2877 paca
1138 2793 1230 2859 inter

289 2887 386 2985 [eos]
407 2896 625 2962 reformanda
639 2903 887 2973 tractaverunt,
897 2902 932 2959 et
948 2895 1036 2958 citra
1049 2894 1176 2959 festum
1193 2894 1228 2960 S.

286 2996 309 3060 J
312 2996 457 3061 ohannis
474 2997 644 3081 Baptistae
664 2988 838 3084 [mum]
853 3015 924 3078 pax
940 2995 1030 3058 inter
1047 3014 1105 3059 eos
1121 2995 1230 3059 resor-

286 3104 380 3160 mata
395 3104 468 3177 est3
493 3099 617 3161 comite
630 3097 666 3161 in
677 3097 862 3180 praesentia
869 3095 989 3178 legati,
1001 3114 1106 3178 super
1118 3094 1229 3160 altare

289 3196 324 3261 S.
344 3196 447 3261 Pauli
459 3197 613 3280 jurante,
634 3217 671 3261 se
686 3216 784 3261 arma
799 3206 920 3260 contra
934 3196 1110 3259 dominum
1127 3215 1228 3260 suum

287 3315 404 3377 regem
427 3299 493 3360 nisi
520 3318 557 3361 se
581 3296 793 3361 defendendo
808 3315 984 3380 nunquam
999 3303 1230 3378 portaturum.

289 3395 587 3460 Londoniensibus
602 3398 720 3460 comiti
737 3397 933 3462 faventibus
950 3397 1056 3460 vitam
1074 3404 1109 3460 et
1125 3416 1232 3461 mem·

287 3498 386 3560 brum
413 3517 475 3560 rex
498 3498 679 3575 concessit,
702 3496 779 3561 aliis
804 3496 970 3561 auxilium
993 3496 1086 3560 dicto
1113 3497 1232 3562 comiti

286 3597 488 3675 ferentibus,
504 3598 692 3662 secundum
707 3598 837 3662 dictum
861 3598 903 3660 de
926 3596 1176 3674 Kenilewurth,
1195 3596 1231 3661 in

288 3716 373 3779 pace
389 3699 547 3780 receptis,
600 3697 669 3761 His
692 3699 840 3781 peractis
866 3716 930 3761 rex
947 3694 1162 3761 Londoniam
1178 3698 1233 3761 in-

288 3817 428 3880 gressus
460 3805 524 3875 est,
554 3814 632 3862 xlv.
664 3796 736 3862 kal.
767 3798 855 3862 Julii
889 3795 949 3879 [18
982 3790 1100 3885 Jun.],
1134 3797 1231 3862 nullo

289 3898 445 3980 exceptis
460 3899 593 3962 civibus
613 3897 705 3963 ultra
725 3897 876 3961 triduum
896 3896 932 3959 in
955 3899 1039 3961 urbe
1056 3917 1233 3963 remanere

289 3999 466 4082 permisso.
519 3998 661 4064 Ribaldi
675 3998 814 4081 quidam
835 3998 877 4062 de
894 3998 1084 4062 munitione
1101 3997 1233 4063 Eliensi

289 4098 514 4182 egredientes,
538 4119 644 4181 equos
672 4099 886 4181 quorundam
915 4098 1078 4174 virorum,
1105 4099 1166 4179 qui
1196 4099 1232 4161 in

289 4200 527 4266 secretioribus
544 4200 628 4263 locis
638 4201 742 4264 curiae
758 4201 851 4263 beati
863 4199 1023 4282 martyris
1037 4197 1233 4262 Eadmundi
