2918 4866
376 382 567 431 rnoannru
592 381 871 431 wroonmnnsrs.
1039 367 1102 430 lll

150 545 243 602 esset
260 558 465 621 possessura
483 546 675 622 paternum,
691 539 781 602 sicut
798 539 830 602 ei
847 539 988 603 vivente
1004 547 1103 622 patre

152 638 265 703 fuerat
276 640 445 724 juratum.
497 639 605 703 Initia
619 639 777 704 dolorum
799 639 883 703 haec.
937 639 1017 704 Hoc
1034 641 1103 703 dis·

152 738 279 803 sidium
302 741 558 822 gravissimum,
583 741 689 804 immo
711 759 796 821 pene
815 739 987 815 ultimum,
1013 742 1104 805 omni

153 839 276 920 patriae
301 840 419 904 intulit
445 838 642 904 excidium.¹
706 839 845 904 Interea
873 860 936 903 rex
962 840 1252 908 Scottiaemvunng

154 939 283 1016 David,
300 941 336 1003 in
359 941 459 1022 gravi
481 940 702 1004 multitudine
724 941 936 1021 equestrium
952 948 988 1004 et
1002 940 1105 1023 pede·
1117 910 1248 1000 iiiiiiimd

154 1039 290 1117 strium‚
317 1041 360 1104 de
388 1042 517 1122 vagina
543 1040 662 1103 finium
690 1040 788 1121 regni
817 1039 872 1105 sui
899 1041 975 1124 J'am
1002 1042 1106 1104 tertio
1118 1011 1224 1062 mm

155 1159 328 1220 egressus,
363 1141 455 1205 circa
494 1141 660 1204 terminos
701 1139 961 1224 Nortbymbriae
1000 1141 1107 1223 coepit

157 1259 250 1318 rura,
266 1241 405 1324 oppida,
427 1248 462 1304 et
485 1241 631 1304 castella
653 1260 818 1317 cremare,
842 1247 877 1304 et
900 1242 972 1304 fere
997 1248 1108 1305 totam

156 1347 284 1405 terram
300 1341 502 1405 devastare:
527 1341 587 1404 sed
601 1340 677 1425 jam
692 1340 757 1403 hac
774 1340 897 1404 ultima
919 1342 1007 1418 vice,
1028 1361 1107 1404 cum

157 1459 267 1521 usque
291 1441 487 1505 Eboracum
513 1451 548 1505 et
576 1440 784 1504 Humbriam
814 1441 1002 1505 minaretur
1026 1462 1108 1524 pro·

157 1559 326 1621 gressum,
344 1541 574 1604 Eboracensis
592 1540 871 1623 archiepiscopus
888 1541 1108 1604 Tburstanus

157 1640 367 1723 colloquium
383 1641 505 1706 habuit
520 1661 598 1704 cum
614 1641 772 1704 omnibus
788 1641 831 1704 de
847 1641 1006 1704 Eboraca
1027 1662 1108 1723 pro·

158 1740 284 1818 vincia,
314 1741 464 1822 fecitque
497 1761 616 1804 omnes
654 1741 826 1805 communi
866 1760 1036 1804 consensu
1073 1749 1108 1805 et

159 1840 302 1904 consilio
313 1841 549 1925 juramentum
564 1841 601 1904 in
622 1842 715 1922 regis
736 1840 904 1904 fidelitate
925 1842 1051 1919 facere,
1068 1850 1107 1904 ut

159 1939 191 2002 ei
213 1942 423 2006 resisterent.
475 1940 564 2004 Inde
592 1948 708 2005 autem
735 1960 797 2004 rex
825 1940 968 2005 Scottiae
995 1942 1107 2022 magis
1119 1964 1164 2003 rue
1174 1964 1244 2003 name

158 2039 327 2118 irritatus,
343 2061 365 2104 a
379 2041 484 2104 nullis
510 2040 790 2105 dissuadentibus
814 2042 931 2123 potuit
943 2041 1106 2119 cohiberi,
1119 2015 1230 2104 iiiiiarr.

86 2161 88 2164 ·
159 2139 220 2203 sed
245 2141 388 2204 veniens
409 2160 518 2224 usque
548 2141 688 2204 Teisam
713 2140 750 2204 in
777 2142 832 2205 die
852 2149 945 2206 VI110.
960 2140 1105 2205 Assum·

160 2240 288 2321 ptionis
311 2241 347 2306 S.
361 2241 485 2304 Mariae
502 2238 562 2324 [22
574 2240 698 2322 Aug.],
716 2260 795 2322 quae
819 2241 902 2306 feria
924 2258 964 2306 11.
980 2243 1106 2320 evenit,

161 2340 313 2404 decrevit
339 2348 474 2405 nostros
498 2360 752 2423 praeoccupare,
784 2343 866 2425 quia
892 2343 929 2406 in
960 2343 1107 2406 articulo

159 2439 268 2522 ipsius
291 2441 359 2505 diei
381 2441 533 2504 maxima
554 2440 681 2504 nebula
704 2449 789 2505 erat.
841 2443 889 2506 Et
910 2443 960 2506 sic
980 2463 1025 2506 ex
1044 2443 1108 2505 im-

160 2540 299 2621 proviso
315 2561 353 2604 se
368 2547 551 2604 venturum
573 2561 676 2624 super
697 2541 792 2622 ipsos
809 2561 964 2625 sperans,
980 2542 1108 2607 multas
1179 2580 1181 2582 v

161 2640 262 2704 villas
284 2642 433 2705 intactas
456 2641 607 2723 reliquit,
629 2660 692 2705 nec
715 2660 809 2719 suos,
825 2643 916 2706 sicut
938 2643 1108 2719 solebant,

160 2738 237 2821 ipsa
260 2740 316 2805 die
341 2741 470 2823 aliquid
495 2742 615 2805 ardere
637 2743 804 2823 permisit.
850 2741 972 2806 Nostri
992 2750 1108 2806 tamen

161 2840 259 2903 tarde
289 2861 311 2906 a
342 2841 491 2923 quodam
524 2843 694 2923 armigero
727 2843 933 2925 praemoniti,
960 2850 995 2906 et
1020 2863 1108 2925 pene

162 2942 406 3023 praeoccupati,
422 2941 585 3005 citissime
602 2961 640 3005 se
656 2950 829 3006 armantes
847 2948 883 3005 et
897 2942 1108 3018 ordinantes,

161 3041 360 3122 sagittarios
382 3043 621 3124 praemiserunt
642 3050 723 3106 ante
745 3043 891 3125 primam
913 3042 1073 3119 frontem,
1089 3061 1111 3106 a

162 3140 287 3222 quibus
305 3142 406 3206 valde
424 3141 620 3206 Scottorum
634 3143 807 3206 exercitus
825 3142 929 3206 laesus
947 3150 1011 3206 est.
1041 3143 1110 3206 Ex-

161 3239 240 3305 inde
262 3241 328 3324 ipsi
354 3241 440 3323 regii
461 3243 607 3307 barones
635 3262 712 3306 cum
737 3243 902 3306 militibus
925 3244 1110 3325 progressi,

163 3340 223 3421 qui
233 3361 350 3406 omnes
365 3342 408 3405 de
423 3343 520 3425 equis
537 3343 609 3406 suis
624 3343 882 3420 descenderant,
895 3349 930 3406 et
945 3344 983 3406 in
1000 3343 1111 3425 prima

81 3503 82 3508 ,
164 3448 262 3505 erant
291 3442 377 3519 acie,
403 3462 526 3506 manus
554 3450 589 3506 et
620 3463 717 3507 arma
748 3463 826 3506 cum
856 3443 1021 3507 hostibus
1047 3444 1109 3506 mi-‚

163 3550 337 3620 scuerunt,
368 3549 404 3605 et
435 3543 470 3606 in
504 3543 580 3624 ipso
609 3544 719 3625 primo
751 3552 881 3625 puncto
913 3543 1111 3608 certaminis

83 3717 85 3722 ³
162 3639 263 3704 finem
280 3649 315 3705 et
331 3641 509 3706 victoriam
532 3643 698 3720 fecerunt,
713 3643 913 3707 cedentibus
930 3644 996 3707 sibi
1013 3643 1112 3707 Scot-

165 3740 220 3816 tis,
243 3748 278 3805 et
303 3743 420 3806 statim
449 3741 506 3807 vel
532 3743 747 3819 cadentibus,
771 3743 826 3808 vel
853 3763 937 3806 cum,
958 3744 1110 3806 maximo

164 3841 286 3905 timore
303 3841 528 3924 fugientibus
582 3843 705 3908 Nostri
727 3851 856 3920 autem,
874 3843 957 3924 quia
979 3842 1111 3924 pedites

164 3949 270 4018 erant,
300 3952 335 4006 et
366 3963 483 4006 omnes
511 3962 617 4024 equos
642 3962 723 4007 suos
750 3943 887 4024 longius
916 3942 1040 4006 abduci
1065 3942 1111 4005 fe-

277 4167 284 4196 ¹
302 4170 500 4228 laterimfdcta.
516 4208 520 4219 .
537 4169 697 4232 .excidiam.]
723 4170 786 4219 luc.
797 4171 856 4219 edit.
881 4172 911 4219 G.
922 4171 989 4218 omit.
