<?xml version="1.0" encoding="UTF-8"?>
<!DOCTYPE html PUBLIC "-//W3C//DTD XHTML 1.0 Transitional//EN"
    "http://www.w3.org/TR/xhtml1/DTD/xhtml1-transitional.dtd">
<html xmlns="http://www.w3.org/1999/xhtml" xml:lang="en" lang="en">
 <head>
  <title>
</title>
<meta http-equiv="Content-Type" content="text/html;charset=utf-8" />
  <meta name='ocr-system' content='tesseract 3.04.00' />
  <meta name='ocr-capabilities' content='ocr_page ocr_carea ocr_par ocr_line ocrx_word'/>
</head>
<body>
  <div class='ocr_page' id='page_1' title='image "./florentiiwigorn02florgoog_0130.png"; bbox 0 0 2918 4866; ppageno 0'>
   <div class='ocr_carea' id='block_1_1' title="bbox 400 378 1128 441">
    <p class='ocr_par' dir='ltr' id='par_1_1' title="bbox 400 378 1128 441">
     <span class='ocr_line' id='line_1_1' title="bbox 400 378 1128 441; baseline 0 -1"><span class='ocrx_word' id='word_1_1' title='bbox 400 393 593 440; x_wconf 80' lang='lat' dir='ltr'><strong>monunru</strong></span> <span class='ocrx_word' id='word_1_2' title='bbox 620 391 902 440; x_wconf 81' lang='lat' dir='ltr'><strong>wrconnrunsrs.</strong></span> <span class='ocrx_word' id='word_1_3' title='bbox 1064 378 1128 441; x_wconf 83' lang='lat'><strong>103</strong></span> 
     </span>
    </p>
   </div>
   <div class='ocr_carea' id='block_1_2' title="bbox 159 542 1125 4230">
    <p class='ocr_par' dir='ltr' id='par_1_2' title="bbox 159 542 1125 4230">
     <span class='ocr_line' id='line_1_2' title="bbox 175 542 1125 624; baseline 0.007 -20"><span class='ocrx_word' id='word_1_4' title='bbox 175 548 213 606; x_wconf 94' lang='lat' dir='ltr'><strong>ut</strong></span> <span class='ocrx_word' id='word_1_5' title='bbox 230 542 347 606; x_wconf 91' lang='lat' dir='ltr'><strong>viuum</strong></span> <span class='ocrx_word' id='word_1_6' title='bbox 364 543 407 607; x_wconf 88' lang='lat' dir='ltr'><strong>ad</strong></span> <span class='ocrx_word' id='word_1_7' title='bbox 423 544 545 609; x_wconf 86' lang='lat' dir='ltr'><strong>altaris</strong></span> <span class='ocrx_word' id='word_1_8' title='bbox 563 543 769 607; x_wconf 87' lang='lat' dir='ltr'><strong>sacrificium</strong></span> <span class='ocrx_word' id='word_1_9' title='bbox 788 563 882 607; x_wconf 90' lang='lat' dir='ltr'><strong>more</strong></span> <span class='ocrx_word' id='word_1_10' title='bbox 897 545 999 608; x_wconf 91' lang='lat' dir='ltr'><strong>solito</strong></span> <span class='ocrx_word' id='word_1_11' title='bbox 1015 545 1125 624; x_wconf 87' lang='lat' dir='ltr'><strong>daret,</strong></span> 
     </span>
     <span class='ocr_line' id='line_1_3' title="bbox 172 642 1123 728; baseline 0.006 -24"><span class='ocrx_word' id='word_1_12' title='bbox 172 660 252 705; x_wconf 90' lang='lat' dir='ltr'><strong>cum</strong></span> <span class='ocrx_word' id='word_1_13' title='bbox 268 642 398 708; x_wconf 88' lang='lat' dir='ltr'><strong>famulo</strong></span> <span class='ocrx_word' id='word_1_14' title='bbox 410 664 474 707; x_wconf 89' lang='lat' dir='ltr'><strong>suo</strong></span> <span class='ocrx_word' id='word_1_15' title='bbox 486 644 662 722; x_wconf 82' lang='lat' dir='ltr'><strong>intrasset,</strong></span> <span class='ocrx_word' id='word_1_16' title='bbox 677 642 829 725; x_wconf 90' lang='lat' dir='ltr'><strong>repperit</strong></span> <span class='ocrx_word' id='word_1_17' title='bbox 841 664 946 708; x_wconf 88' lang='lat' dir='ltr'><strong>unam</strong></span> <span class='ocrx_word' id='word_1_18' title='bbox 959 645 1001 709; x_wconf 93' lang='lat' dir='ltr'><strong>de</strong></span> <span class='ocrx_word' id='word_1_19' title='bbox 1013 647 1123 728; x_wconf 91' lang='lat' dir='ltr'><strong>cupis,</strong></span> 
     </span>
     <span class='ocr_line' id='line_1_4' title="bbox 172 742 1121 828; baseline 0.005 -23"><span class='ocrx_word' id='word_1_20' title='bbox 172 761 277 824; x_wconf 88' lang='lat' dir='ltr'><strong>quam</strong></span> <span class='ocrx_word' id='word_1_21' title='bbox 300 743 461 808; x_wconf 88' lang='lat' dir='ltr'><strong>hesterna</strong></span> <span class='ocrx_word' id='word_1_22' title='bbox 482 745 537 808; x_wconf 91' lang='lat' dir='ltr'><strong>die</strong></span> <span class='ocrx_word' id='word_1_23' title='bbox 558 745 696 827; x_wconf 84' lang='lat' dir='ltr'>plenam</span> <span class='ocrx_word' id='word_1_24' title='bbox 723 742 921 826; x_wconf 85' lang='lat' dir='ltr'><strong>reliquerat,</strong></span> <span class='ocrx_word' id='word_1_25' title='bbox 946 764 1054 828; x_wconf 91' lang='lat' dir='ltr'><strong>usque</strong></span> <span class='ocrx_word' id='word_1_26' title='bbox 1078 747 1121 811; x_wconf 88' lang='lat' dir='ltr'><strong>ad</strong></span> 
     </span>
     <span class='ocr_line' id='line_1_5' title="bbox 170 839 1122 928; baseline 0.006 -24"><span class='ocrx_word' id='word_1_27' title='bbox 170 839 325 908; x_wconf 85' lang='lat' dir='ltr'><strong>foramen</strong></span> <span class='ocrx_word' id='word_1_28' title='bbox 357 845 478 922; x_wconf 90' lang='lat' dir='ltr'><strong>obicis,</strong></span> <span class='ocrx_word' id='word_1_29' title='bbox 512 846 572 928; x_wconf 94' lang='lat' dir='ltr'><strong>qui</strong></span> <span class='ocrx_word' id='word_1_30' title='bbox 603 845 732 908; x_wconf 89' lang='lat' dir='ltr'><strong>usitato</strong></span> <span class='ocrx_word' id='word_1_31' title='bbox 762 845 897 909; x_wconf 82' lang='lat' dir='ltr'><strong>nornine</strong></span> <span class='ocrx_word' id='word_1_32' title='bbox 929 845 1030 928; x_wconf 88' lang='lat' dir='ltr'><strong>spina</strong></span> <span class='ocrx_word' id='word_1_33' title='bbox 1059 866 1122 911; x_wconf 91' lang='lat' dir='ltr'><strong>seu</strong></span> 
     </span>
     <span class='ocr_line' id='line_1_6' title="bbox 168 943 1120 1028; baseline 0.006 -23"><span class='ocrx_word' id='word_1_34' title='bbox 168 943 345 1022; x_wconf 84' lang='lat' dir='ltr'><strong>pessulum</strong></span> <span class='ocrx_word' id='word_1_35' title='bbox 359 943 496 1022; x_wconf 92' lang='lat' dir='ltr'><strong>dicitur,</strong></span> <span class='ocrx_word' id='word_1_36' title='bbox 514 952 730 1021; x_wconf 83' lang='lat' dir='ltr'><strong>evacuatam,</strong></span> <span class='ocrx_word' id='word_1_37' title='bbox 746 951 781 1008; x_wconf 88' lang='lat' dir='ltr'><strong>et</strong></span> <span class='ocrx_word' id='word_1_38' title='bbox 798 945 915 1007; x_wconf 90' lang='lat' dir='ltr'><strong>vinum</strong></span> <span class='ocrx_word' id='word_1_39' title='bbox 932 965 993 1028; x_wconf 90' lang='lat' dir='ltr'><strong>per</strong></span> <span class='ocrx_word' id='word_1_40' title='bbox 1008 952 1120 1010; x_wconf 87' lang='lat' dir='ltr'><strong>totum</strong></span> 
     </span>
     <span class='ocr_line' id='line_1_7' title="bbox 168 1043 1120 1125; baseline 0.005 -20"><span class='ocrx_word' id='word_1_41' title='bbox 168 1043 403 1123; x_wconf 87' lang='lat' dir='ltr'><strong>pavimentum</strong></span> <span class='ocrx_word' id='word_1_42' title='bbox 430 1045 603 1109; x_wconf 86' lang='lat' dir='ltr'><strong>diffusum.</strong></span> <span class='ocrx_word' id='word_1_43' title='bbox 656 1045 726 1125; x_wconf 90' lang='lat' dir='ltr'><strong>Qui</strong></span> <span class='ocrx_word' id='word_1_44' title='bbox 752 1045 907 1125; x_wconf 85' lang='lat' dir='ltr'><strong>graviter</strong></span> <span class='ocrx_word' id='word_1_45' title='bbox 929 1046 972 1109; x_wconf 91' lang='lat' dir='ltr'><strong>de</strong></span> <span class='ocrx_word' id='word_1_46' title='bbox 996 1045 1120 1111; x_wconf 90' lang='lat' dir='ltr'><strong>damno</strong></span> 
     </span>
     <span class='ocr_line' id='line_1_8' title="bbox 169 1142 1120 1227; baseline 0.007 -22"><span class='ocrx_word' id='word_1_47' title='bbox 169 1142 261 1223; x_wconf 92' lang='lat' dir='ltr'><strong>quod</strong></span> <span class='ocrx_word' id='word_1_48' title='bbox 279 1142 452 1209; x_wconf 88' lang='lat' dir='ltr'><strong>acciderat</strong></span> <span class='ocrx_word' id='word_1_49' title='bbox 465 1146 707 1227; x_wconf 62' lang='lat' dir='ltr'><strong>ingemiscens</strong></span> <span class='ocrx_word' id='word_1_50' title='bbox 723 1144 890 1207; x_wconf 84' lang='lat' dir='ltr'><strong>famulum</strong></span> <span class='ocrx_word' id='word_1_51' title='bbox 907 1145 966 1227; x_wconf 93' lang='lat' dir='ltr'><strong>qui</strong></span> <span class='ocrx_word' id='word_1_52' title='bbox 982 1148 1120 1212; x_wconf 83' lang='lat' dir='ltr'><strong>astabat</strong></span> 
     </span>
     <span class='ocr_line' id='line_1_9' title="bbox 169 1243 1119 1328; baseline 0.006 -24"><span class='ocrx_word' id='word_1_53' title='bbox 169 1243 356 1324; x_wconf 90' lang='lat' dir='ltr'><strong>asperrime</strong></span> <span class='ocrx_word' id='word_1_54' title='bbox 380 1245 584 1328; x_wconf 80' lang='lat' dir='ltr'><strong>increpavit,</strong></span> <span class='ocrx_word' id='word_1_55' title='bbox 607 1245 736 1320; x_wconf 79' lang='lat' dir='ltr'><strong>diceuS,</strong></span> <span class='ocrx_word' id='word_1_56' title='bbox 760 1263 837 1307; x_wconf 91' lang='lat' dir='ltr'><strong>eum</strong></span> <span class='ocrx_word' id='word_1_57' title='bbox 864 1247 1041 1327; x_wconf 70' lang='lat' dir='ltr'><strong>praeterito</strong></span> <span class='ocrx_word' id='word_1_58' title='bbox 1059 1267 1119 1310; x_wconf 92' lang='lat' dir='ltr'><strong>ve·</strong></span> 
     </span>
     <span class='ocr_line' id='line_1_10' title="bbox 168 1343 1119 1428; baseline 0.008 -26"><span class='ocrx_word' id='word_1_59' title='bbox 168 1359 269 1423; x_wconf 91' lang='lat' dir='ltr'><strong>spere</strong></span> <span class='ocrx_word' id='word_1_60' title='bbox 293 1343 407 1408; x_wconf 91' lang='lat' dir='ltr'><strong>miuus</strong></span> <span class='ocrx_word' id='word_1_61' title='bbox 430 1345 615 1428; x_wconf 82' lang='lat' dir='ltr'><strong>diligenter</strong></span> <span class='ocrx_word' id='word_1_62' title='bbox 631 1346 762 1409; x_wconf 84' lang='lat' dir='ltr'><strong>obicem</strong></span> <span class='ocrx_word' id='word_1_63' title='bbox 787 1343 953 1422; x_wconf 85' lang='lat' dir='ltr'><strong>firmasse,</strong></span> <span class='ocrx_word' id='word_1_64' title='bbox 973 1346 1119 1427; x_wconf 89' lang='lat' dir='ltr'><strong>ideoque</strong></span> 
     </span>
     <span class='ocr_line' id='line_1_11' title="bbox 168 1440 1117 1528; baseline 0.007 -25"><span class='ocrx_word' id='word_1_65' title='bbox 168 1440 332 1506; x_wconf 90' lang='lat' dir='ltr'><strong>damnum</strong></span> <span class='ocrx_word' id='word_1_66' title='bbox 363 1444 560 1528; x_wconf 89' lang='lat' dir='ltr'><strong>hujusmodi</strong></span> <span class='ocrx_word' id='word_1_67' title='bbox 590 1446 788 1528; x_wconf 83' lang='lat' dir='ltr'><strong>contigisse.</strong></span> <span class='ocrx_word' id='word_1_68' title='bbox 842 1444 888 1507; x_wconf 89' lang='lat' dir='ltr'><strong>Et</strong></span> <span class='ocrx_word' id='word_1_69' title='bbox 919 1444 971 1508; x_wconf 92' lang='lat' dir='ltr'><strong>his</strong></span> <span class='ocrx_word' id='word_1_70' title='bbox 1003 1445 1117 1523; x_wconf 88' lang='lat' dir='ltr'><strong>dictis,</strong></span> 
     </span>
     <span class='ocr_line' id='line_1_12' title="bbox 167 1543 1117 1628; baseline 0.008 -25"><span class='ocrx_word' id='word_1_71' title='bbox 167 1543 232 1606; x_wconf 91' lang='lat' dir='ltr'><strong>sub</strong></span> <span class='ocrx_word' id='word_1_72' title='bbox 251 1544 529 1609; x_wconf 85' lang='lat' dir='ltr'><strong>interminatione</strong></span> <span class='ocrx_word' id='word_1_73' title='bbox 552 1547 718 1628; x_wconf 86' lang='lat' dir='ltr'><strong>praecepit</strong></span> <span class='ocrx_word' id='word_1_74' title='bbox 736 1545 779 1622; x_wconf 95' lang='lat' dir='ltr'><strong>ei,</strong></span> <span class='ocrx_word' id='word_1_75' title='bbox 796 1563 839 1606; x_wconf 90' lang='lat' dir='ltr'><strong>ne</strong></span> <span class='ocrx_word' id='word_1_76' title='bbox 862 1544 967 1607; x_wconf 87' lang='lat' dir='ltr'><strong>alicui</strong></span> <span class='ocrx_word' id='word_1_77' title='bbox 989 1544 1117 1611; x_wconf 88' lang='lat' dir='ltr'><strong>diceret</strong></span> 
     </span>
     <span class='ocr_line' id='line_1_13' title="bbox 167 1643 1115 1723; baseline 0.005 -17"><span class='ocrx_word' id='word_1_78' title='bbox 167 1643 259 1723; x_wconf 92' lang='lat' dir='ltr'><strong>quod</strong></span> <span class='ocrx_word' id='word_1_79' title='bbox 283 1644 476 1722; x_wconf 82' lang='lat' dir='ltr'><strong>acciderat3</strong></span> <span class='ocrx_word' id='word_1_80' title='bbox 500 1645 632 1710; x_wconf 86' lang='lat' dir='ltr'><strong>veritus</strong></span> <span class='ocrx_word' id='word_1_81' title='bbox 655 1665 699 1709; x_wconf 89' lang='lat' dir='ltr'><strong>ne</strong></span> <span class='ocrx_word' id='word_1_82' title='bbox 721 1645 752 1707; x_wconf 91' lang='lat' dir='ltr'><strong>si</strong></span> <span class='ocrx_word' id='word_1_83' title='bbox 778 1645 885 1706; x_wconf 90' lang='lat' dir='ltr'><strong>abbas</strong></span> <span class='ocrx_word' id='word_1_84' title='bbox 914 1643 979 1707; x_wconf 87' lang='lat' dir='ltr'><strong>hoc</strong></span> <span class='ocrx_word' id='word_1_85' title='bbox 1002 1645 1115 1711; x_wconf 86' lang='lat' dir='ltr'><strong>auimo</strong></span> 
     </span>
     <span class='ocr_line' id='line_1_14' title="bbox 165 1742 1113 1826; baseline 0.003 -21"><span class='ocrx_word' id='word_1_86' title='bbox 165 1744 370 1826; x_wconf 85' lang='lat' dir='ltr'><strong>perciperet,</strong></span> <span class='ocrx_word' id='word_1_87' title='bbox 386 1745 633 1810; x_wconf 87' lang='lat' dir='ltr'><strong>contumeliose</strong></span> <span class='ocrx_word' id='word_1_88' title='bbox 651 1765 728 1808; x_wconf 89' lang='lat' dir='ltr'><strong>eum</strong></span> <span class='ocrx_word' id='word_1_89' title='bbox 744 1742 855 1807; x_wconf 91' lang='lat' dir='ltr'><strong>officio</strong></span> <span class='ocrx_word' id='word_1_90' title='bbox 872 1762 936 1808; x_wconf 91' lang='lat' dir='ltr'><strong>suo</strong></span> <span class='ocrx_word' id='word_1_91' title='bbox 951 1744 1113 1826; x_wconf 84' lang='lat' dir='ltr'><strong>privaret.</strong></span> 
     </span>
     <span class='ocr_line' id='line_1_15' title="bbox 168 1841 1115 1927; baseline 0.005 -23"><span class='ocrx_word' id='word_1_92' title='bbox 168 1841 277 1909; x_wconf 89' lang='lat' dir='ltr'><strong>Facto</strong></span> <span class='ocrx_word' id='word_1_93' title='bbox 310 1852 425 1909; x_wconf 87' lang='lat' dir='ltr'><strong>autem</strong></span> <span class='ocrx_word' id='word_1_94' title='bbox 456 1864 610 1927; x_wconf 90' lang='lat' dir='ltr'><strong>vespere,</strong></span> <span class='ocrx_word' id='word_1_95' title='bbox 640 1845 839 1927; x_wconf 89' lang='lat' dir='ltr'><strong>priusquam</strong></span> <span class='ocrx_word' id='word_1_96' title='bbox 872 1843 996 1908; x_wconf 86' lang='lat' dir='ltr'><strong>fratres</strong></span> <span class='ocrx_word' id='word_1_97' title='bbox 1026 1845 1115 1909; x_wconf 89' lang='lat' dir='ltr'><strong>irent</strong></span> 
     </span>
     <span class='ocr_line' id='line_1_16' title="bbox 167 1943 1113 2023; baseline 0.003 -19"><span class='ocrx_word' id='word_1_98' title='bbox 167 1943 334 2021; x_wconf 89' lang='lat' dir='ltr'><strong>cubitum,</strong></span> <span class='ocrx_word' id='word_1_99' title='bbox 362 1945 538 2023; x_wconf 81' lang='lat' dir='ltr'><strong>cellarium</strong></span> <span class='ocrx_word' id='word_1_100' title='bbox 561 1944 716 2022; x_wconf 88' lang='lat' dir='ltr'><strong>intravit,</strong></span> <span class='ocrx_word' id='word_1_101' title='bbox 741 1944 856 2008; x_wconf 87' lang='lat' dir='ltr'><strong>obices</strong></span> <span class='ocrx_word' id='word_1_102' title='bbox 878 1963 1052 2021; x_wconf 86' lang='lat' dir='ltr'><strong>vasorum,</strong></span> <span class='ocrx_word' id='word_1_103' title='bbox 1078 1946 1113 2007; x_wconf 88' lang='lat' dir='ltr'><strong>in</strong></span> 
     </span>
     <span class='ocr_line' id='line_1_17' title="bbox 165 2043 1114 2127; baseline 0.004 -22"><span class='ocrx_word' id='word_1_104' title='bbox 165 2043 289 2123; x_wconf 89' lang='lat' dir='ltr'><strong>quibus</strong></span> <span class='ocrx_word' id='word_1_105' title='bbox 304 2044 421 2108; x_wconf 91' lang='lat' dir='ltr'><strong>viuum</strong></span> <span class='ocrx_word' id='word_1_106' title='bbox 443 2046 646 2123; x_wconf 88' lang='lat' dir='ltr'><strong>habebatur,</strong></span> <span class='ocrx_word' id='word_1_107' title='bbox 668 2045 929 2127; x_wconf 86' lang='lat' dir='ltr'><strong>diligentissime</strong></span> <span class='ocrx_word' id='word_1_108' title='bbox 950 2044 1114 2123; x_wconf 89' lang='lat' dir='ltr'><strong>firmavit,</strong></span> 
     </span>
     <span class='ocr_line' id='line_1_18' title="bbox 165 2142 1113 2228; baseline 0.004 -23"><span class='ocrx_word' id='word_1_109' title='bbox 165 2142 353 2226; x_wconf 89' lang='lat' dir='ltr'><strong>clausoque</strong></span> <span class='ocrx_word' id='word_1_110' title='bbox 373 2145 474 2222; x_wconf 92' lang='lat' dir='ltr'><strong>ostio,</strong></span> <span class='ocrx_word' id='word_1_111' title='bbox 489 2145 616 2208; x_wconf 90' lang='lat' dir='ltr'><strong>lectum</strong></span> <span class='ocrx_word' id='word_1_112' title='bbox 633 2146 744 2228; x_wconf 87' lang='lat' dir='ltr'><strong>petiit.</strong></span> <span class='ocrx_word' id='word_1_113' title='bbox 798 2144 905 2208; x_wconf 90' lang='lat' dir='ltr'><strong>Mane</strong></span> <span class='ocrx_word' id='word_1_114' title='bbox 925 2152 1042 2209; x_wconf 87' lang='lat' dir='ltr'><strong>autem</strong></span> <span class='ocrx_word' id='word_1_115' title='bbox 1061 2145 1113 2209; x_wconf 88' lang='lat' dir='ltr'><strong>fa·</strong></span> 
     </span>
     <span class='ocr_line' id='line_1_19' title="bbox 165 2245 1114 2324; baseline 0.005 -19"><span class='ocrx_word' id='word_1_116' title='bbox 165 2250 231 2324; x_wconf 89' lang='lat' dir='ltr'><strong>cto,</strong></span> <span class='ocrx_word' id='word_1_117' title='bbox 250 2264 328 2307; x_wconf 88' lang='lat' dir='ltr'><strong>cum</strong></span> <span class='ocrx_word' id='word_1_118' title='bbox 357 2245 546 2322; x_wconf 88' lang='lat' dir='ltr'><strong>cellarium,</strong></span> <span class='ocrx_word' id='word_1_119' title='bbox 569 2245 659 2310; x_wconf 92' lang='lat' dir='ltr'><strong>sicut</strong></span> <span class='ocrx_word' id='word_1_120' title='bbox 680 2252 920 2321; x_wconf 87' lang='lat' dir='ltr'><strong>consueverat,</strong></span> <span class='ocrx_word' id='word_1_121' title='bbox 939 2246 1114 2324; x_wconf 85' lang='lat' dir='ltr'><strong>intrasset,</strong></span> 
     </span>
     <span class='ocr_line' id='line_1_20' title="bbox 164 2343 1114 2428; baseline 0.005 -22"><span class='ocrx_word' id='word_1_122' title='bbox 164 2343 250 2409; x_wconf 90' lang='lat' dir='ltr'><strong>vidit</strong></span> <span class='ocrx_word' id='word_1_123' title='bbox 264 2343 368 2409; x_wconf 89' lang='lat' dir='ltr'><strong>aliam</strong></span> <span class='ocrx_word' id='word_1_124' title='bbox 386 2365 510 2428; x_wconf 87' lang='lat' dir='ltr'><strong>cupam</strong></span> <span class='ocrx_word' id='word_1_125' title='bbox 532 2365 641 2428; x_wconf 91' lang='lat' dir='ltr'><strong>usque</strong></span> <span class='ocrx_word' id='word_1_126' title='bbox 659 2346 703 2409; x_wconf 92' lang='lat' dir='ltr'><strong>ad</strong></span> <span class='ocrx_word' id='word_1_127' title='bbox 719 2353 870 2409; x_wconf 89' lang='lat' dir='ltr'><strong>meatum</strong></span> <span class='ocrx_word' id='word_1_128' title='bbox 886 2346 1006 2424; x_wconf 87' lang='lat' dir='ltr'><strong>obicis,</strong></span> <span class='ocrx_word' id='word_1_129' title='bbox 1023 2348 1114 2411; x_wconf 92' lang='lat' dir='ltr'><strong>sicut</strong></span> 
     </span>
     <span class='ocr_line' id='line_1_21' title="bbox 164 2444 1114 2525; baseline 0.006 -20"><span class='ocrx_word' id='word_1_130' title='bbox 164 2444 287 2525; x_wconf 91' lang='lat' dir='ltr'><strong>pridie,</strong></span> <span class='ocrx_word' id='word_1_131' title='bbox 316 2444 397 2509; x_wconf 91' lang='lat' dir='ltr'><strong>vino</strong></span> <span class='ocrx_word' id='word_1_132' title='bbox 428 2446 613 2522; x_wconf 90' lang='lat' dir='ltr'><strong>defluente,</strong></span> <span class='ocrx_word' id='word_1_133' title='bbox 647 2453 843 2509; x_wconf 86' lang='lat' dir='ltr'><strong>vacuatam.</strong></span> <span class='ocrx_word' id='word_1_134' title='bbox 913 2445 993 2523; x_wconf 85' lang='lat' dir='ltr'><strong>Quo</strong></span> <span class='ocrx_word' id='word_1_135' title='bbox 1027 2447 1114 2524; x_wconf 88' lang='lat' dir='ltr'><strong>viso,</strong></span> 
     </span>
     <span class='ocr_line' id='line_1_22' title="bbox 165 2542 1115 2628; baseline 0.004 -22"><span class='ocrx_word' id='word_1_136' title='bbox 165 2542 264 2626; x_wconf 87' lang='lat' dir='ltr'><strong>cujus</strong></span> <span class='ocrx_word' id='word_1_137' title='bbox 289 2545 511 2628; x_wconf 85' lang='lat' dir='ltr'><strong>negligentiae</strong></span> <span class='ocrx_word' id='word_1_138' title='bbox 535 2547 699 2610; x_wconf 89' lang='lat' dir='ltr'><strong>damnum</strong></span> <span class='ocrx_word' id='word_1_139' title='bbox 725 2545 790 2609; x_wconf 86' lang='lat' dir='ltr'><strong>hoo</strong></span> <span class='ocrx_word' id='word_1_140' title='bbox 813 2545 1002 2627; x_wconf 89' lang='lat' dir='ltr'><strong>imputaret</strong></span> <span class='ocrx_word' id='word_1_141' title='bbox 1016 2547 1115 2628; x_wconf 92' lang='lat' dir='ltr'><strong>igno·</strong></span> 
     </span>
     <span class='ocr_line' id='line_1_23' title="bbox 165 2644 1112 2728; baseline 0.005 -23"><span class='ocrx_word' id='word_1_142' title='bbox 165 2663 257 2721; x_wconf 78' lang='lat' dir='ltr'><strong>ranS,</strong></span> <span class='ocrx_word' id='word_1_143' title='bbox 279 2647 445 2728; x_wconf 90' lang='lat' dir='ltr'><strong>graviter,</strong></span> <span class='ocrx_word' id='word_1_144' title='bbox 460 2666 529 2710; x_wconf 91' lang='lat' dir='ltr'><strong>non</strong></span> <span class='ocrx_word' id='word_1_145' title='bbox 549 2647 623 2710; x_wconf 90' lang='lat' dir='ltr'><strong>sine</strong></span> <span class='ocrx_word' id='word_1_146' title='bbox 645 2665 772 2726; x_wconf 87' lang='lat' dir='ltr'><strong>magna</strong></span> <span class='ocrx_word' id='word_1_147' title='bbox 797 2644 1036 2722; x_wconf 85' lang='lat' dir='ltr'><strong>admiratione,</strong></span> <span class='ocrx_word' id='word_1_148' title='bbox 1060 2647 1112 2710; x_wconf 93' lang='lat' dir='ltr'><strong>in·</strong></span> 
     </span>
     <span class='ocr_line' id='line_1_24' title="bbox 165 2743 1114 2829; baseline 0.003 -23"><span class='ocrx_word' id='word_1_149' title='bbox 165 2743 287 2823; x_wconf 87' lang='lat' dir='ltr'><strong>doluit,</strong></span> <span class='ocrx_word' id='word_1_150' title='bbox 310 2746 510 2829; x_wconf 88' lang='lat' dir='ltr'><strong>famuloque</strong></span> <span class='ocrx_word' id='word_1_151' title='bbox 534 2766 598 2811; x_wconf 92' lang='lat' dir='ltr'><strong>suo</strong></span> <span class='ocrx_word' id='word_1_152' title='bbox 624 2766 668 2809; x_wconf 93' lang='lat' dir='ltr'><strong>ne</strong></span> <span class='ocrx_word' id='word_1_153' title='bbox 692 2747 816 2827; x_wconf 92' lang='lat' dir='ltr'><strong>cuique</strong></span> <span class='ocrx_word' id='word_1_154' title='bbox 839 2744 1000 2826; x_wconf 90' lang='lat' dir='ltr'><strong>proderet</strong></span> <span class='ocrx_word' id='word_1_155' title='bbox 1022 2746 1114 2826; x_wconf 93' lang='lat' dir='ltr'><strong>quod</strong></span> 
     </span>
     <span class='ocr_line' id='line_1_25' title="bbox 164 2845 1115 2930; baseline 0.003 -24"><span class='ocrx_word' id='word_1_156' title='bbox 164 2845 339 2910; x_wconf 87' lang='lat' dir='ltr'><strong>acciderat</strong></span> <span class='ocrx_word' id='word_1_157' title='bbox 365 2847 479 2911; x_wconf 90' lang='lat' dir='ltr'><strong>denuo</strong></span> <span class='ocrx_word' id='word_1_158' title='bbox 505 2847 722 2930; x_wconf 86' lang='lat' dir='ltr'><strong>praecipiens,</strong></span> <span class='ocrx_word' id='word_1_159' title='bbox 745 2845 948 2927; x_wconf 90' lang='lat' dir='ltr'><strong>priusquam</strong></span> <span class='ocrx_word' id='word_1_160' title='bbox 971 2863 1115 2926; x_wconf 90' lang='lat' dir='ltr'><strong>vespere</strong></span> 
     </span>
     <span class='ocr_line' id='line_1_26' title="bbox 163 2943 1116 3030; baseline 0.001 -23"><span class='ocrx_word' id='word_1_161' title='bbox 163 2943 291 3009; x_wconf 92' lang='lat' dir='ltr'><strong>lectum</strong></span> <span class='ocrx_word' id='word_1_162' title='bbox 316 2955 451 3030; x_wconf 87' lang='lat' dir='ltr'><strong>peteret</strong></span> <span class='ocrx_word' id='word_1_163' title='bbox 467 2967 585 3012; x_wconf 87' lang='lat' dir='ltr'><strong>omnes</strong></span> <span class='ocrx_word' id='word_1_164' title='bbox 607 2948 723 3011; x_wconf 88' lang='lat' dir='ltr'><strong>obices</strong></span> <span class='ocrx_word' id='word_1_165' title='bbox 745 2950 912 3027; x_wconf 85' lang='lat' dir='ltr'><strong>cuparum</strong></span> <span class='ocrx_word' id='word_1_166' title='bbox 936 2943 1116 3025; x_wconf 90' lang='lat' dir='ltr'><strong>diligentia</strong></span> 
     </span>
     <span class='ocr_line' id='line_1_27' title="bbox 164 3044 1114 3130; baseline 0 -23"><span class='ocrx_word' id='word_1_167' title='bbox 164 3063 234 3125; x_wconf 88' lang='lat' dir='ltr'><strong>qua</strong></span> <span class='ocrx_word' id='word_1_168' title='bbox 265 3048 380 3130; x_wconf 90' lang='lat' dir='ltr'><strong>potuit</strong></span> <span class='ocrx_word' id='word_1_169' title='bbox 411 3048 578 3124; x_wconf 90' lang='lat' dir='ltr'><strong>muniens,</strong></span> <span class='ocrx_word' id='word_1_170' title='bbox 608 3046 718 3110; x_wconf 87' lang='lat' dir='ltr'><strong>tristis</strong></span> <span class='ocrx_word' id='word_1_171' title='bbox 747 3053 783 3109; x_wconf 90' lang='lat' dir='ltr'><strong>et</strong></span> <span class='ocrx_word' id='word_1_172' title='bbox 810 3044 935 3109; x_wconf 87' lang='lat' dir='ltr'><strong>anxius</strong></span> <span class='ocrx_word' id='word_1_173' title='bbox 967 3050 1114 3108; x_wconf 88' lang='lat' dir='ltr'><strong>stratum</strong></span> 
     </span>
     <span class='ocr_line' id='line_1_28' title="bbox 163 3144 1115 3230; baseline 0.001 -23"><span class='ocrx_word' id='word_1_174' title='bbox 163 3144 261 3210; x_wconf 88' lang='lat' dir='ltr'><strong>adiit.</strong></span> <span class='ocrx_word' id='word_1_175' title='bbox 307 3148 528 3230; x_wconf 90' lang='lat' dir='ltr'><strong>Surgensque</strong></span> <span class='ocrx_word' id='word_1_176' title='bbox 543 3145 706 3222; x_wconf 89' lang='lat' dir='ltr'><strong>diluculo,</strong></span> <span class='ocrx_word' id='word_1_177' title='bbox 722 3151 844 3227; x_wconf 90' lang='lat' dir='ltr'><strong>aperto</strong></span> <span class='ocrx_word' id='word_1_178' title='bbox 859 3146 1013 3223; x_wconf 86' lang='lat' dir='ltr'><strong>cellario,</strong></span> <span class='ocrx_word' id='word_1_179' title='bbox 1028 3146 1115 3210; x_wconf 87' lang='lat' dir='ltr'><strong>vidit</strong></span> 
     </span>
     <span class='ocr_line' id='line_1_29' title="bbox 164 3244 1112 3329; baseline 0.001 -23"><span class='ocrx_word' id='word_1_180' title='bbox 164 3244 219 3308; x_wconf 89' lang='lat' dir='ltr'><strong>die</strong></span> <span class='ocrx_word' id='word_1_181' title='bbox 244 3247 349 3310; x_wconf 86' lang='lat' dir='ltr'><strong>tertia</strong></span> <span class='ocrx_word' id='word_1_182' title='bbox 377 3267 468 3329; x_wconf 88' lang='lat' dir='ltr'><strong>cupa</strong></span> <span class='ocrx_word' id='word_1_183' title='bbox 494 3248 671 3329; x_wconf 85' lang='lat' dir='ltr'><strong>pessulum</strong></span> <span class='ocrx_word' id='word_1_184' title='bbox 697 3251 906 3323; x_wconf 85' lang='lat' dir='ltr'><strong>extractum,</strong></span> <span class='ocrx_word' id='word_1_185' title='bbox 935 3252 970 3307; x_wconf 89' lang='lat' dir='ltr'><strong>et</strong></span> <span class='ocrx_word' id='word_1_186' title='bbox 995 3245 1112 3308; x_wconf 91' lang='lat' dir='ltr'><strong>vinum</strong></span> 
     </span>
     <span class='ocr_line' id='line_1_30' title="bbox 164 3343 1113 3427; baseline 0.001 -19"><span class='ocrx_word' id='word_1_187' title='bbox 164 3364 274 3427; x_wconf 90' lang='lat' dir='ltr'><strong>usque</strong></span> <span class='ocrx_word' id='word_1_188' title='bbox 300 3346 343 3409; x_wconf 91' lang='lat' dir='ltr'><strong>ad</strong></span> <span class='ocrx_word' id='word_1_189' title='bbox 372 3346 526 3411; x_wconf 85' lang='lat' dir='ltr'><strong>foramen</strong></span> <span class='ocrx_word' id='word_1_190' title='bbox 548 3346 706 3410; x_wconf 85' lang='lat' dir='ltr'><strong>effusum.</strong></span> <span class='ocrx_word' id='word_1_191' title='bbox 769 3343 871 3408; x_wconf 91' lang='lat' dir='ltr'><strong>Unde</strong></span> <span class='ocrx_word' id='word_1_192' title='bbox 897 3363 967 3407; x_wconf 92' lang='lat' dir='ltr'><strong>nou</strong></span> <span class='ocrx_word' id='word_1_193' title='bbox 994 3343 1113 3409; x_wconf 91' lang='lat' dir='ltr'><strong>imme-</strong></span> 
     </span>
     <span class='ocr_line' id='line_1_31' title="bbox 163 3444 1113 3529; baseline 0.001 -22"><span class='ocrx_word' id='word_1_194' title='bbox 163 3444 229 3510; x_wconf 89' lang='lat' dir='ltr'><strong>rito</strong></span> <span class='ocrx_word' id='word_1_195' title='bbox 252 3447 427 3528; x_wconf 88' lang='lat' dir='ltr'><strong>superbis</strong></span> <span class='ocrx_word' id='word_1_196' title='bbox 454 3467 531 3529; x_wconf 85' lang='lat' dir='ltr'><strong>quae</strong></span> <span class='ocrx_word' id='word_1_197' title='bbox 558 3447 757 3510; x_wconf 89' lang='lat' dir='ltr'><strong>acciderant</strong></span> <span class='ocrx_word' id='word_1_198' title='bbox 771 3445 987 3527; x_wconf 90' lang='lat' dir='ltr'><strong>perterritus,</strong></span> <span class='ocrx_word' id='word_1_199' title='bbox 1005 3452 1040 3509; x_wconf 88' lang='lat' dir='ltr'><strong>et</strong></span> <span class='ocrx_word' id='word_1_200' title='bbox 1062 3445 1113 3508; x_wconf 93' lang='lat' dir='ltr'><strong>di-</strong></span> 
     </span>
     <span class='ocr_line' id='line_1_32' title="bbox 163 3545 1113 3620; baseline 0.001 -12"><span class='ocrx_word' id='word_1_201' title='bbox 163 3546 255 3609; x_wconf 92' lang='lat' dir='ltr'><strong>utius</strong></span> <span class='ocrx_word' id='word_1_202' title='bbox 268 3566 449 3610; x_wconf 88' lang='lat' dir='ltr'><strong>commune</strong></span> <span class='ocrx_word' id='word_1_203' title='bbox 464 3546 626 3610; x_wconf 91' lang='lat' dir='ltr'><strong>damnum</strong></span> <span class='ocrx_word' id='word_1_204' title='bbox 645 3545 747 3609; x_wconf 90' lang='lat' dir='ltr'><strong>silere</strong></span> <span class='ocrx_word' id='word_1_205' title='bbox 762 3552 931 3620; x_wconf 89' lang='lat' dir='ltr'><strong>metuens,</strong></span> <span class='ocrx_word' id='word_1_206' title='bbox 947 3545 991 3608; x_wconf 92' lang='lat' dir='ltr'><strong>ad</strong></span> <span class='ocrx_word' id='word_1_207' title='bbox 1007 3545 1113 3609; x_wconf 86' lang='lat' dir='ltr'><strong>abba-</strong></span> 
     </span>
     <span class='ocr_line' id='line_1_33' title="bbox 163 3644 1113 3730; baseline -0.001 -21"><span class='ocrx_word' id='word_1_208' title='bbox 163 3652 231 3709; x_wconf 91' lang='lat' dir='ltr'><strong>tem</strong></span> <span class='ocrx_word' id='word_1_209' title='bbox 257 3646 447 3724; x_wconf 85' lang='lat' dir='ltr'><strong>festinavit,</strong></span> <span class='ocrx_word' id='word_1_210' title='bbox 465 3647 608 3730; x_wconf 89' lang='lat' dir='ltr'><strong>ejusque</strong></span> <span class='ocrx_word' id='word_1_211' title='bbox 631 3646 776 3729; x_wconf 90' lang='lat' dir='ltr'><strong>pedibus</strong></span> <span class='ocrx_word' id='word_1_212' title='bbox 798 3644 1017 3726; x_wconf 88' lang='lat' dir='ltr'><strong>provolutus,</strong></span> <span class='ocrx_word' id='word_1_213' title='bbox 1035 3664 1113 3726; x_wconf 86' lang='lat' dir='ltr'><strong>quae</strong></span> 
     </span>
     <span class='ocr_line' id='line_1_34' title="bbox 162 3744 1112 3830; baseline -0.002 -22"><span class='ocrx_word' id='word_1_214' title='bbox 162 3746 298 3811; x_wconf 88' lang='lat' dir='ltr'><strong>viderat</strong></span> <span class='ocrx_word' id='word_1_215' title='bbox 319 3767 383 3830; x_wconf 90' lang='lat' dir='ltr'><strong>per</strong></span> <span class='ocrx_word' id='word_1_216' title='bbox 405 3748 558 3811; x_wconf 89' lang='lat' dir='ltr'><strong>ordinem</strong></span> <span class='ocrx_word' id='word_1_217' title='bbox 584 3747 778 3819; x_wconf 88' lang='lat' dir='ltr'><strong>intimavit;</strong></span> <span class='ocrx_word' id='word_1_218' title='bbox 808 3745 879 3827; x_wconf 89' lang='lat' dir='ltr'><strong>qui,</strong></span> <span class='ocrx_word' id='word_1_219' title='bbox 896 3744 1016 3808; x_wconf 88' lang='lat' dir='ltr'><strong>habito</strong></span> <span class='ocrx_word' id='word_1_220' title='bbox 1034 3764 1112 3807; x_wconf 89' lang='lat' dir='ltr'><strong>cum</strong></span> 
     </span>
     <span class='ocr_line' id='line_1_35' title="bbox 162 3845 1112 3930; baseline -0.002 -22"><span class='ocrx_word' id='word_1_221' title='bbox 162 3845 326 3910; x_wconf 86' lang='lat' dir='ltr'><strong>fratribus</strong></span> <span class='ocrx_word' id='word_1_222' title='bbox 356 3848 514 3925; x_wconf 88' lang='lat' dir='ltr'><strong>consilio,</strong></span> <span class='ocrx_word' id='word_1_223' title='bbox 528 3848 636 3930; x_wconf 88' lang='lat' dir='ltr'><strong>jussit</strong></span> <span class='ocrx_word' id='word_1_224' title='bbox 655 3854 693 3909; x_wconf 90' lang='lat' dir='ltr'><strong>ut</strong></span> <span class='ocrx_word' id='word_1_225' title='bbox 714 3846 829 3908; x_wconf 89' lang='lat' dir='ltr'><strong>obices</strong></span> <span class='ocrx_word' id='word_1_226' title='bbox 848 3863 1008 3908; x_wconf 86' lang='lat' dir='ltr'><strong>vasorum</strong></span> <span class='ocrx_word' id='word_1_227' title='bbox 1033 3863 1112 3926; x_wconf 84' lang='lat' dir='ltr'><strong>quae</strong></span> 
     </span>
     <span class='ocr_line' id='line_1_36' title="bbox 160 3944 1113 4028; baseline -0.001 -19"><span class='ocrx_word' id='word_1_228' title='bbox 160 3946 278 4009; x_wconf 89' lang='lat' dir='ltr'><strong>vinum</strong></span> <span class='ocrx_word' id='word_1_229' title='bbox 305 3947 489 4024; x_wconf 88' lang='lat' dir='ltr'><strong>habebant,</strong></span> <span class='ocrx_word' id='word_1_230' title='bbox 509 3948 818 4028; x_wconf 84' lang='lat' dir='ltr'><strong>advesperascente</strong></span> <span class='ocrx_word' id='word_1_231' title='bbox 844 3944 910 4019; x_wconf 87' lang='lat' dir='ltr'><strong>die,</strong></span> <span class='ocrx_word' id='word_1_232' title='bbox 928 3944 1113 4008; x_wconf 89' lang='lat' dir='ltr'><strong>chrismate</strong></span> 
     </span>
     <span class='ocr_line' id='line_1_37' title="bbox 159 4043 1111 4129; baseline -0.003 -21"><span class='ocrx_word' id='word_1_233' title='bbox 159 4046 491 4127; x_wconf 80' lang='lat' dir='ltr'><strong>circumlinirentur3</strong></span> <span class='ocrx_word' id='word_1_234' title='bbox 516 4046 608 4129; x_wconf 92' lang='lat' dir='ltr'><strong>quod</strong></span> <span class='ocrx_word' id='word_1_235' title='bbox 640 4053 674 4108; x_wconf 88' lang='lat' dir='ltr'><strong>et</strong></span> <span class='ocrx_word' id='word_1_236' title='bbox 700 4045 830 4108; x_wconf 85' lang='lat' dir='ltr'><strong>factum</strong></span> <span class='ocrx_word' id='word_1_237' title='bbox 859 4052 923 4107; x_wconf 90' lang='lat' dir='ltr'><strong>est.</strong></span> <span class='ocrx_word' id='word_1_238' title='bbox 984 4043 1111 4107; x_wconf 91' lang='lat' dir='ltr'><strong>Illuce-</strong></span> 
     </span>
     <span class='ocr_line' id='line_1_38' title="bbox 159 4143 1112 4230; baseline -0.005 -21"><span class='ocrx_word' id='word_1_239' title='bbox 159 4154 276 4211; x_wconf 86' lang='lat' dir='ltr'><strong>scente</strong></span> <span class='ocrx_word' id='word_1_240' title='bbox 299 4155 415 4211; x_wconf 89' lang='lat' dir='ltr'><strong>autem</strong></span> <span class='ocrx_word' id='word_1_241' title='bbox 439 4148 505 4224; x_wconf 89' lang='lat' dir='ltr'><strong>dic,</strong></span> <span class='ocrx_word' id='word_1_242' title='bbox 523 4146 710 4230; x_wconf 86' lang='lat' dir='ltr'><strong>praedictus</strong></span> <span class='ocrx_word' id='word_1_243' title='bbox 737 4144 843 4208; x_wconf 86' lang='lat' dir='ltr'><strong>frater</strong></span> <span class='ocrx_word' id='word_1_244' title='bbox 861 4163 904 4206; x_wconf 88' lang='lat' dir='ltr'><strong>ex</strong></span> <span class='ocrx_word' id='word_1_245' title='bbox 930 4162 1023 4206; x_wconf 89' lang='lat' dir='ltr'><strong>more</strong></span> <span class='ocrx_word' id='word_1_246' title='bbox 1043 4143 1112 4206; x_wconf 91' lang='lat' dir='ltr'><strong>cel-</strong></span> 
     </span>
    </p>
   </div>
   <div class='ocr_carea' id='block_1_3' title="bbox 0 0 1464 4866">
    <p class='ocr_par' dir='ltr' id='par_1_3' title="bbox 0 0 1464 4866">
     <span class='ocr_line' id='line_1_39' title="bbox 0 0 1464 4866; baseline 0 4"><span class='ocrx_word' id='word_1_247' title='bbox 0 0 1464 4866; x_wconf 95' lang='lat' dir='ltr'><strong> </strong></span> 
     </span>
    </p>
   </div>
  </div>
 </body>
</html>
