2918 4866
368 389 435 454 270
622 397 871 456 courruuurto
894 400 1087 457 eunomus·

369 562 470 633 terris
494 563 702 646 supradictis
722 561 937 627 summaliter
957 560 1234 648 foris-judicatus
1253 571 1322 641 est,

369 663 552 746 spoliatus,
582 663 770 727 frustratus
800 670 836 728 et
865 664 1034 746 privatus.
1101 663 1321 728 Subornatur

369 771 486 827 tamen
512 763 615 827 aliter
641 764 685 827 ab
711 764 885 846 aliquibus
915 764 984 827 ista
1014 763 1198 828 temeraria
1227 783 1319 846 prae·

367 864 540 946 sumptio:
564 864 656 946 quod
675 863 834 928 videlicet
852 870 1021 927 terrarum
1043 882 1185 927 suarum
1204 871 1319 928 trans·

367 965 589 1040 marinarum,
616 970 738 1046 utpote
761 963 822 1047 qni
841 964 907 1027 iter
926 982 1026 1027 suum
1055 963 1090 1026 in
1113 964 1317 1046 obsequium

367 1063 479 1127 crucis
510 1063 699 1128 salutiferae
724 1063 925 1140 devoverat,
956 1062 1156 1147 hujusmodi
1187 1063 1317 1128 foedere

275 1244 280 1253 .
366 1170 558 1240 contracto,
626 1163 750 1247 majori
812 1183 875 1229 rex
932 1160 1072 1244 Angliae
1134 1164 1316 1228 securitati

365 1263 563 1343 provideret
608 1270 643 1327 et
683 1263 801 1346 quieti.
876 1262 1012 1327 Habita
1053 1263 1162 1344 igitur
1205 1262 1316 1328 libera

365 1362 521 1443 plenaria
546 1369 582 1427 et
608 1363 753 1445 pacifica
776 1363 994 1445 possessione
1024 1369 1060 1426 et
1088 1353 1315 1446 dispositione

365 1469 536 1526 terrarum
581 1463 780 1539 earundem,
816 1461 1082 1545 Anglorumque
1121 1482 1203 1543 rege
1244 1482 1315 1528 non

364 1569 437 1625 tam
464 1563 659 1627 voluntarie
697 1581 801 1645 qnam
834 1563 1015 1627 temerarie
1047 1569 1082 1627 et
1114 1563 1314 1627 inconsulte

362 1662 414 1725 sic
429 1663 580 1738 cedente,
605 1682 627 1726 a
649 1662 750 1726 dictae
772 1662 1041 1744 perturbationis
1067 1662 1222 1740 muliere,
1243 1663 1314 1744 ipsi

363 1759 556 1844 Anglorum
584 1763 658 1844 regi
686 1761 848 1842 dirigitur
878 1763 913 1825 in
945 1762 1130 1839 mandatis,
1158 1781 1196 1826 se
1224 1762 1314 1826 nulli

364 1862 549 1940 bominum,
578 1869 613 1926 et
643 1861 835 1944 praesertim
859 1869 967 1926 tantae
992 1863 1107 1926 aetatis
1131 1862 1219 1938 viro,
1247 1881 1311 1926 un·

363 1964 484 2042 quam¹
509 1963 599 2028 velle
621 1963 786 2026 maritari.
839 1961 884 2024 Et
906 1960 956 2024 sic
972 1969 1092 2044 optato
1106 1961 1168 2024 sed
1187 1961 1311 2026 illicito

362 2063 484 2125 merito
515 2064 701 2127 frustratus
738 2061 969 2137 matrimonio,
1000 2062 1143 2144 antiquo
1174 2063 1312 2143 praede·

362 2180 535 2225 cessorum
576 2180 729 2236 suorum,
776 2161 862 2244 proh
902 2161 1012 2237 dolor,
1052 2161 1211 2242 privatus
1255 2170 1312 2226 est

199 2295 291 2335 mma
361 2261 579 2341 patrimonio.
649 2260 806 2324 Tandem
834 2279 916 2323 vero
946 2259 1036 2324 idem
1070 2280 1134 2324 rex
1168 2258 1309 2341 Angliae

198 2345 348 2387 “¹⁸⁸⁸‘⁰¹⁰⁸⁸·
362 2359 406 2422 ad
448 2380 508 2424 cor
546 2360 693 2436 rediens,
732 2358 884 2442 factique
926 2367 998 2423 tam
1039 2362 1310 2444 praesumptuosi

362 2460 520 2542 quamvis
546 2479 624 2524 sero
653 2459 838 2543 poenitens,
866 2459 1053 2545 contractis
1083 2460 1308 2524 finitimorum

359 2567 432 2623 tam
470 2580 591 2642 regum
631 2579 735 2642 quam
777 2560 923 2624 aliorum
961 2567 1143 2642 potentum
1184 2560 1309 2642 copiis,

361 2659 525 2743 injuriam
546 2660 612 2723 sibi
628 2661 744 2724 taliter
760 2658 893 2723 illatam
911 2659 1161 2736 vindicaturus,
1180 2665 1309 2724 terras-

360 2778 428 2841 que
465 2779 547 2824 suas
582 2766 653 2824 tam
691 2760 928 2824 fraudulenter
962 2767 1152 2841 occupatas
1192 2758 1308 2822 vindi·

358 2865 512 2936 caturus,
548 2865 585 2922 et
620 2865 817 2924 terrestrem
853 2866 888 2925 et
931 2858 1091 2923 navalem
1128 2859 1306 2940 copiosum

358 2958 583 3041 congregavit
600 2959 802 3024 exercitum.
855 2958 965 3042 Cujus
984 2960 1033 3023 rei
1050 2959 1175 3041 gratia,
1194 2956 1308 3023 Adul-

357 3057 476 3139 phum,
513 3078 629 3140 regem
656 3057 885 3135 Alemanniae,
925 3078 1111 3140 omnesque
1148 3058 1305 3143 ejusdem

357 3165 459 3222 terrae
499 3165 693 3240 magnates,
732 3164 861 3240 utpote
906 3157 1203 3240 archiepiscopum
1235 3160 1305 3225 Co·

356 3258 472 3335 Ioniae,
495 3259 707 3336 Siefredum3
734 3258 933 3340 episcopum
951 3257 1187 3334 Tracteusem‚
1203 3258 1309 3323 alios-

356 3364 530 3438 quatem
556 3377 657 3438 reges
680 3376 784 3439 quam
818 3357 1011 3439 episcopos,
1038 3357 1224 3440 ducesque,
1248 3377 1307 3422 co-

355 3457 468 3533 miteS,
518 3464 624 3538 atque
674 3476 793 3520 omnes
837 3463 996 3538 potentes
1030 3454 1305 3521 Alemannorum

354 3555 497 3637 imperio
543 3555 782 3639 subjacentes3
835 3556 899 3620 hos
948 3555 1110 3638 praemiis,
1156 3556 1306 3639 illosque

355 3655 542 3718 foederibus
565 3655 793 3738 amicitiisque
809 3655 1010 3732 contractis,
1033 3655 1078 3720 ad
1101 3675 1200 3719 suam
1222 3676 1304 3738 par-

354 3761 422 3818 tem
441 3754 563 3819 allexit
579 3762 685 3836 atque
702 3755 849 3819 transire
867 3756 992 3836 coegit.
1047 3756 1179 3838 Regem
1198 3755 1304 3820 etiam

355 3854 571 3936 Arragoniae,
597 3854 663 3916 sibi
690 3854 950 3932 amicissimum,
977 3873 1056 3918 cum
1089 3855 1234 3919 ducibus
1268 3864 1305 3921 et

353 3956 533 4019 comitibus
568 3953 764 4017 Proventiae
803 3961 839 4018 et
876 3955 1073 4031 Sabandiae,
1112 3962 1147 4019 et
1183 3975 1304 4020 eorum

365 4204 371 4213 ⁹
389 4136 396 4165 ¹
418 4133 548 4251 illaquam]
568 4132 625 4184 MS.
637 4132 758 4194 aliquam.
793 4133 847 4182 The
859 4138 914 4183 text
924 4134 947 4183 is
959 4138 1072 4198 corrupt,
1087 4133 1138 4182 and
1152 4133 1194 4183 the
1206 4137 1276 4199 story
1287 4150 1304 4186 a

350 4218 423 4264 ungu
436 4218 532 4252 arone.
