2918 4866
357 378 422 445 192
604 393 851 444 couvruonvro
874 394 1049 443 onaoruor
1078 403 1082 407 ·

359 557 413 614 est
422 569 484 632 per
496 556 604 613 totam
615 547 793 632 Angliam,
806 550 981 631 regalibus
991 551 1025 614 in
1038 551 1196 627 barones,
1206 549 1309 612 baro·

360 651 460 714 nibus
478 651 514 713 in
533 649 667 731 regales
684 650 926 715 miserabiliter
940 651 1173 715 saevientibus.
1227 649 1309 713 Rex

359 749 497 832 Angliae
531 770 607 812 cnm
645 770 725 831 rege
758 747 986 828 Alamanniae,
1017 750 1124 815 fratre
1157 768 1233 826 suo,
1268 757 1305 813 et

361 850 541 926 Eduardo,
558 851 787 932 primogenito
802 870 879 927 suo,
899 851 1175 916 Norbamtonam
1195 849 1307 913 multo

361 949 471 1014 milite
487 951 656 1013 munitam
674 951 777 1032 oepit.
830 951 984 1016 Sabbato
1000 957 1082 1015 ante
1101 949 1307 1015 Passionem

362 1051 503 1113 Domini
525 1049 584 1130 [13
599 1047 717 1131 Apr.],
732 1051 880 1114 barones
896 1070 978 1114 cum
1005 1050 1307 1115 Londoniensibus

358 1148 485 1214 milites
510 1169 623 1213 arcem
640 1149 877 1215 Rovecestriae
896 1151 1100 1229 munientes,
1118 1157 1153 1214 et
1172 1150 1238 1214 sibi
1261 1149 1307 1215 ad

359 1250 584 1331 praeliandum
607 1250 801 1327 obviantes
822 1251 942 1314 turrim
972 1250 1138 1315 reintrare
1162 1269 1308 1332 compu-

198 1369 327 1419 rmprun-
358 1348 484 1425 lerunt,
506 1349 663 1432 pluribus
687 1369 733 1414 ex
765 1350 838 1413 suis
865 1351 1094 1434 interemptis.
1146 1350 1306 1414 Berones

198 1421 262 1461 (iered
271 1420 313 1460 and

198 1471 261 1511 alain.

357 1469 436 1513 cum
453 1449 750 1514 Londoniensibus
762 1448 785 1513 J
789 1450 982 1514 udaismum
996 1450 1187 1516 Londoniae
1201 1449 1306 1532 spoli-

198 1570 245 1609 rae
252 1568 319 1609 atne
327 1568 350 1608 οι
359 1556 515 1625 averunt,
530 1549 649 1613 multis
666 1549 689 1612 J
692 1550 800 1615 udaeis
817 1551 1017 1615 intersectis.
1072 1550 1159 1614 Post
1176 1550 1306 1615 multas

199 1620 278 1659 Leaen.

359 1657 395 1714 et
412 1650 543 1714 flebiles
557 1649 734 1714 molestias
748 1650 917 1715 hincinde
933 1650 1063 1728 illatas,
1077 1650 1169 1734 apud
1182 1649 1307 1714 Lewes

357 1750 521 1815 dictiduo
532 1764 631 1832 'reges
641 1770 719 1814 oum
732 1751 918 1814 baronibus
934 1751 1061 1815 bellum
1077 1751 1163 1814 satis
1178 1750 1305 1814 durum

360 1851 616 1926 commiserunt,
632 1867 671 1913 11.
689 1851 735 1915 id.
754 1850 843 1914 Maii
858 1851 919 1933 [14
930 1851 1034 1933 Maii]
1049 1876 1057 1926 ;
1083 1850 1142 1915 ubi
1158 1851 1307 1915 barones

360 1952 540 2015 victoriam
573 1951 806 2015 obtinuerunt.
875 1950 1009 2032 Regem
1042 1949 1194 2033 Angliae,
1224 1950 1309 2015 lieet

361 2059 525 2132 oeperunt
550 2058 643 2127 tunc,
663 2071 731 2115 non
746 2050 846 2133 quasi
864 2059 1017 2133 captum,
1035 2051 1096 2114 sed
1118 2050 1309 2128 curialiter,

362 2161 527 2232 tanquam
555 2150 744 2228 dominum,
777 2150 1035 2216 custodierunt:
1075 2170 1191 2232 regem
1223 2149 1308 2215 Ale·

363 2250 855 2332 manniae‘oaptumduxerunt.
882 2251 1307 2334 Edwardusprosuorum

362 2351 566 2415 liberatione
584 2350 737 2413 obsidem
752 2369 790 2414 se
806 2351 923 2415 dedit:
948 2371 1066 2415 omnes
1088 2351 1199 2416 dictas
1225 2370 1307 2433 pro·

365 2450 514 2513 visiones
528 2450 676 2514 Oxoniae
691 2469 728 2514 se
745 2449 818 2514 fore
833 2452 1077 2516 observaturos
1089 2451 1307 2536 juraverunt.

365 2549 538 2633 Deinceps
569 2558 684 2615 autem
717 2570 779 2614 rex
819 2571 887 2634 quo
932 2553 1077 2615 barones
1116 2552 1309 2634 pergebant

364 2651 532 2733 perrexit,
555 2659 589 2714 et
624 2650 716 2733 quod
746 2650 939 2715 faciendum
971 2652 1206 2728 decreverant,
1232 2649 1308 2714 dili·

366 2759 488 2832 genter
514 2759 549 2816 et
572 2750 720 2817 libenter
748 2749 906 2816 faciebat.
958 2750 1082 2815 Edicto
1112 2751 1204 2833 regis
1235 2770 1308 2834 pax

365 2852 580 2934 proclamata
600 2858 653 2915 est
674 2871 736 2933 per
761 2851 956 2915 universam
978 2858 1114 2915 terrani.
1168 2851 1307 2934 Regina

366 2950 517 3034 Angliae,
546 2953 580 3015 in
613 2951 769 3034 partibus
803 2951 1042 3015 transmarinis
1073 2949 1241 3029 existenS,
1271 2959 1307 3015 et

366 3052 506 3116 audiens
532 3071 602 3116 rem
631 3061 764 3132 gestam
788 3052 850 3128 sie,
867 3051 1026 3128 indoluit,
1042 3051 1307 3133 conducensqne

365 3154 553 3216 exercitum
568 3151 751 3228 infinitum,
769 3150 931 3234 Angliam
952 3151 1114 3215 invadere
1137 3152 1308 3216 arbitrata

359 3259 438 3331 est3
462 3253 522 3316 sed
548 3272 642 3315 mare
665 3253 835 3333 litoreque
858 3251 990 3316 marino
1014 3271 1074 3334 per
1096 3258 1308 3335 praeeeptum

365 3351 456 3431 regis
489 3358 524 3415 et
554 3352 722 3414 baronum
755 3351 895 3433 copioso
927 3352 1081 3415 exercitu
1110 3350 1306 3433 Anglorum

364 3450 551 3527 custodito,
579 3450 803 3514 transfretare
833 3450 1022 3515 adversarii
1052 3452 1305 3530 formidabant3

365 3549 596 3633 thesauroque
606 3550 733 3632 reginae
745 3559 961 3632 consumpto,
971 3552 1099 3634 singuli
1110 3552 1153 3617 ad
1168 3551 1308 3635 propria

365 3670 434 3713 non
461 3651 536 3714 sine
565 3650 683 3715 labore
712 3657 747 3714 et
774 3652 899 3715 rubore
925 3652 1054 3716 reversi
1081 3658 1173 3716 sunt.
1227 3651 1308 3730 Quo

359 3750 494 3826 audito,
513 3750 668 3814 custodia
684 3752 817 3814 marina
830 3752 989 3816 cessavit.
1028 3751 1311 3817 Memorandum-

364 3868 443 3930 que‚
453 3850 557 3933 quod,
571 3851 635 3912 nisi
644 3869 738 3913 mare
749 3851 799 3913 sic
814 3850 1023 3915 custoditum
1036 3850 1310 3933 fuisset,Anglia

360 3951 407 4028 ab
418 3950 619 4031 alienigenis
629 3957 733 4033 capta
745 3950 878 4032 fuisset.
916 3950 1180 4014 Memorandum
1192 3951 1311 4035 etiam,

364 4051 455 4133 quod
473 4069 592 4113 omnes
604 4050 715 4131 burgi,
732 4050 835 4128 villae,
847 4059 881 4115 et
897 4057 1109 4132 campestres
1122 4058 1158 4114 et
1170 4051 1312 4127 ecelesi-

363 4151 487 4238 asticae
500 4169 658 4234 personae
681 4151 792 4243 tanati
819 4150 961 4215 fuerunt
984 4149 1309 4240 adinveniendum,
1392 4192 1395 4199 ·
