2918 4866
219 365 284 429 146
470 381 717 429 corrruurrro
745 381 920 428 ennorucr

219 541 262 605 de
278 541 471 616 Morevilla,
498 549 532 604 et
563 542 609 605 ibi
632 540 763 603 tamdiu
787 546 1037 614 remanserunt,
1064 539 1173 602 donec

219 642 306 706 viles
321 642 430 705 babiti
440 641 573 704 fuerant
585 661 606 704 a
618 641 855 722 compatriotis
868 638 961 701 illius
972 640 1173 720 provinciae.

221 741 350 806 Omnes
377 742 466 804 enim
492 740 630 803 illorum
646 741 804 804 vitabant
829 739 994 820 alloquia,
1016 758 1079 802 nec
1107 736 1171 801 ali-

219 843 391 923 quiscum
417 841 466 902 eis
490 841 701 904 manducare
715 840 772 903 vel
789 839 905 902 bibere
931 838 1051 904 voluit.
1098 836 1172 901 Soli

219 960 303 1022 ergo
326 938 583 1004 manducabant
600 947 635 1004 et
651 939 717 1003 soli
732 940 909 1014 bibebant,
925 945 960 1002 et
976 938 1172 1020 fragmenta

219 1040 427 1104 cibariorum
466 1057 606 1103 suorum
643 1041 786 1103 canibus
821 1037 1105 1121 projiciebantur,
1136 1044 1171 1101 et

219 1158 296 1201 cnm
317 1145 527 1221 gustassent,
552 1139 714 1203 nolebant
737 1139 818 1202 iude
844 1138 1029 1220 quicquam
1056 1156 1169 1201 come·

218 1237 309 1302 dere.
362 1237 453 1302 Ecce
475 1238 658 1302 manifesta
682 1244 717 1301 et
741 1238 847 1319 digna
863 1237 931 1301 Dei
947 1237 1111 1312 vindicta,
1129 1243 1170 1300 ut

218 1337 268 1399 illi
283 1337 344 1420 qui
361 1345 643 1419 contempserunt
668 1337 835 1401 christum
860 1337 1014 1415 Domini,
1031 1355 1052 1399 a
1075 1336 1170 1399 cani-

218 1436 283 1499 bus
314 1438 419 1501 etiam
448 1439 763 1503 contemnebantur.
826 1436 972 1500 Interim
1003 1455 1079 1514 rex,
1108 1435 1170 1518 qui

219 1537 350 1599 curiam
364 1556 463 1600 suam
486 1539 598 1601 tenuit
613 1537 706 1621 apud
724 1537 867 1613 Burum,
886 1543 925 1600 ut
951 1554 1057 1618 supra
1083 1534 1170 1597 dixi-

219 1654 307 1712 mus,
323 1637 419 1700 venit
443 1635 487 1699 ad
514 1629 802 1718 Argentomium,¹
826 1636 886 1698 ubi
912 1656 990 1699 cum
1015 1634 1171 1700 audisset

219 1735 311 1816 quod
326 1736 511 1816 praedictus
530 1736 790 1800 Cantuariensis
817 1734 1096 1819 archiepiscopus
1119 1735 1170 1798 ita

218 1834 404 1899 crudeliter
434 1836 469 1897 in
496 1835 640 1899 ecclesia
667 1835 911 1899 cantuariensi
943 1834 1170 1911 occideretur,

218 1934 329 1998 doluit
346 1934 568 1998 vehementer
583 1945 618 1999 et
632 1936 818 2017 plusquam
841 1935 908 1998 dici
923 1942 1062 2016 potest;
1090 1953 1171 1998 nam

219 2034 448 2098 miserabilem
475 2037 584 2098 vitam
608 2034 710 2098 duxit
727 2041 763 2098 et
784 2033 989 2099 inauditam.
1045 2033 1171 2098 Noluit

219 2134 310 2197 enim
326 2154 388 2215 per
404 2142 474 2198 tres
496 2135 570 2198 dies
594 2135 780 2217 quicquam
803 2133 994 2212 comedere,
1011 2153 1074 2197 nec
1089 2152 1169 2197 cum

219 2233 338 2314 aliquo
352 2233 460 2315 loqui,
477 2235 537 2298 sed
561 2235 691 2297 clausis
710 2234 828 2318 januis
845 2234 951 2297 vitam
975 2232 1169 2297 solitariam

219 2352 282 2413 per
304 2335 457 2416 quinque
479 2335 692 2417 septimanas
716 2333 828 2410 duxit,
845 2333 955 2398 donec
976 2333 1169 2410 Rotrodus,

221 2432 1172 2516 Rotomagensisarchiepiscopus,etepiscopiNormau-

218 2531 285 2596 niae
300 2534 491 2609 venientes
509 2553 587 2597 eum
604 2532 876 2598 consolarentur.
917 2532 1035 2612 Quum
1050 2539 1169 2596 autern

218 2630 294 2695 haec
310 2631 446 2710 fierent,
465 2633 671 2697 Lodowicus
694 2653 758 2696 rex
782 2634 1007 2709 Francorum,
1025 2640 1061 2697 et
1077 2632 1168 2696 Wil-

217 2730 341 2795 lelmus
380 2733 629 2805 Senonensium
668 2733 962 2815 archiepiscopus
993 2739 1028 2796 et
1055 2732 1170 2797 Theo-

218 2830 341 2894 baldus
360 2851 475 2896 comes
492 2833 682 2909 BlesensiS,
697 2835 910 2916 scripserunt
924 2834 959 2895 in
975 2832 1040 2896 hac
1055 2832 1168 2897 forma

218 2929 261 2993 ad
283 2928 524 2994 Alexandrum
542 2952 711 2996 summum
738 2933 948 3015 pontificem,
972 2940 1093 2997 contra
1115 2952 1170 2996 re·

218 3049 296 3111 gem
307 3029 1167 3116 Angliae,demorteCantuariensisarchiepiscopi.

487 3217 625 3259 nrlsronu
647 3218 731 3260 suem
755 3219 897 3259 FRANOIAE.

59 3345 205 3447 mm
260 3334 412 3399 Domino
422 3342 456 3399 et
465 3337 558 3419 patri
569 3337 1166 3415 suosanctissimo,Alexandro,Dei

60 3446 199 3549 gmon
218 3436 331 3516 gratia
342 3454 475 3500 summo
485 3437 650 3518 pontifici,
662 3437 867 3502 Lodowicus
879 3458 941 3502 rex
949 3432 1163 3502 Francorum

63 3548 186 3641 mum
218 3535 365 3600 salutem
388 3546 423 3599 et
446 3536 597 3599 debitam
625 3539 865 3601 reverentiam.
918 3536 975 3601 Ab
1003 3538 1164 3600 humanae

66 3649 179 3743 'rma
219 3635 356 3719 pietatis
373 3635 452 3717 lege
474 3636 604 3700 recedit
619 3637 724 3713 filius,
742 3638 802 3719 qui
825 3645 969 3701 matrem
988 3637 1165 3719 deturpat,

220 3756 330 3819 neque
351 3735 525 3801 creatoris
551 3735 758 3799 beneficium
781 3738 1028 3813 reminiscitur,
1044 3737 1105 3819 qui
1120 3736 1164 3802 de

225 3844 350 3903 sunctae
385 3836 458 3900 sedi
497 3835 597 3899 illata
631 3835 845 3917 turpitudine
884 3857 954 3901 non
991 3837 1163 3901 tristatur.

226 3937 353 4005 Verum
367 3935 549 4021 specialius
568 3941 621 3998 est
637 3936 902 4012 condolendum,
921 3943 956 4000 et
971 3937 1164 4001 novitatem

354 4162 362 4195 ¹
377 4160 575 4229 Argentanum]
593 4160 723 4222 Argenteo
735 4162 762 4210 in
773 4161 864 4211 lower
875 4163 901 4211 N
903 4162 1031 4224 ormandy.
