2918 4866
373 401 566 452 ruonnuun
591 402 872 452 wroonumusrs.
1032 389 1095 454 231

148 569 356 646 sumpserat,
382 581 510 626 corona
539 562 635 644 regni
661 560 788 625 Siciliae
818 561 900 626 feeit
926 564 1095 628 coronari.

149 660 230 726 Hoc
247 681 338 726 anno
356 669 391 727 et
404 662 537 726 duobus
550 661 825 746 praecedentibus
838 662 971 727 fructus
986 664 1095 727 omni-

149 782 205 826 um
243 762 467 844 gardiuorum
496 783 558 846 per
589 761 754 844 Angliam
787 762 859 826 fere
886 762 1094 830 defecerunt.

147 860 181 926 A
213 861 306 927 clero
337 863 525 946 provinciae
555 861 815 927 Cantuariensis
847 881 1011 927 concessa
1042 871 1248 932 estimem

1027 965 1035 978 ,
1105 932 1219 972 twentietb
1228 934 1253 983 by

146 962 284 1027 domino
300 964 387 1045 regi,
403 963 440 1026 in
461 963 651 1028 subsidium
672 981 803 1044 guerrae
826 981 910 1041 suae,
930 964 1094 1029 vicesima
1105 983 1143 1072 ug
1150 983 1226 1074 effi
1227 984 1253 1074 ἕξ

147 1064 300 1127 omnium
324 1070 554 1146 proventuum
582 1063 892 1129 ecclesiasticorum
921 1083 983 1146 per
1007 1034 1221 1130 duosllclner.

147 1183 268 1241 annos,
293 1162 481 1228 secundum
507 1165 723 1229 taxationem
740 1163 900 1242 Walteri,
922 1135 1166 1247 quondambm'

150 1262 384 1329 Norwicensis
412 1264 573 1347 episcopi.
625 1263 833 1342 Richardus,
856 1265 963 1329 abbas
977 1264 1095 1330 West·

147 1365 440 1443 monasteriensis,
456 1364 585 1429 domini
606 1365 698 1446 regis
716 1363 965 1444 thesaurarius,
982 1367 1095 1449 prima

147 1463 203 1527 die
229 1466 356 1529 mensis
380 1466 582 1530 Decembris
611 1465 709 1542 obiit,
731 1465 902 1548 tertiaque
927 1467 1093 1548 posthoc

146 1563 202 1627 die
224 1567 316 1647 apud
335 1566 684 1632 westmonasterium
709 1565 899 1648 sepulturae
921 1585 1094 1631 commen-

146 1665 269 1739 datur;
297 1668 354 1730 cui
368 1667 535 1731 successit
549 1666 728 1732 Walterus
742 1666 784 1729 de
800 1665 983 1743 Wenloch,
1001 1667 1093 1750 ejus-

145 1764 223 1828 dem
237 1766 305 1830 loci
319 1767 519 1831 monachus.
545 1767 715 1830 Dominus
731 1785 794 1829 rex
807 1763 937 1830 Natale
952 1767 1093 1831 Domini

145 1866 236 1947 apud
268 1865 444 1931 Rothelan
469 1868 504 1930 in
519 1866 651 1932 Wallia
669 1866 868 1932 celebravit.
920 1867 1093 1932 Soldanus

147 1966 350 2049 Babyloniae
380 1966 583 2049 defungitur.
636 1965 825 2032 Londoniae
855 1974 890 2031 et
918 1987 981 2049 per
1008 1989 1093 2032 nou-

145 2066 242 2130 nulla
271 2066 348 2131 loca
383 2066 521 2150 Angliae
557 2073 666 2132 tantae
703 2067 799 2131 mirae
836 2068 1092 2133 coruscationes

144 2172 321 2248 tantaque,
345 2167 401 2231 die
419 2168 455 2232 S.
472 2168 639 2250 Stephani
655 2167 714 2249 [26
730 2168 850 2250 Dee.],
869 2168 989 2233 audita
1010 2176 1091 2233 sunt

143 2267 307 2343 tonitrua,
318 2268 409 2350 quod
427 2268 645 2333 audientibus
662 2277 699 2333 et
713 2269 909 2333 videntibus
926 2275 1090 2334 terrorem

144 2374 180 2431 et
204 2367 379 2432 horrorem
404 2388 474 2432 non
494 2369 665 2433 modicum
687 2369 916 2434 incusserunt.
969 2371 1090 2433 AEstas

144 2473 232 2546 tota,
262 2488 340 2532 cum
379 2470 533 2534 maxima
574 2469 731 2533 autumni
764 2469 941 2552 sequentis
978 2477 1090 2550 parte,

144 2568 366 2634 vehementer
384 2572 544 2634 continue
561 2569 724 2653 pluviosa
746 2588 882 2633 omnem
906 2568 976 2632 fere
993 2587 1090 2652 spem

143 2675 298 2733 satorum
315 2670 351 2734 iu
367 2670 468 2735 viridi
484 2670 612 2734 delusit
624 2669 661 2733 in
676 2669 785 2733 arido.

196 2769 320 2835 Frater
347 2770 526 2836 Johannes
551 2772 594 2835 de
623 2770 865 2852 Derelington,
899 2767 942 2833 de
971 2766 1090 2832 ordine
1111 2789 1238 2832 annea.

143 2868 289 2934 fratrum
317 2869 593 2953 praedicatorum,
626 2869 907 2951 archiepiscopus
940 2868 1087 2934 Dublin·
1101 2857 1252 2957 tabatha&

143 2970 248 3048 ensis,
273 2990 341 3034 non
366 2970 533 3052 procula
560 2970 700 3034 civitate
727 2967 927 3045 Londoniae,
957 2985 991 3035 v.
1016 2967 1087 3033 kal.

142 3067 274 3151 Aprilis
304 3066 364 3153 [28
387 3068 494 3156 Man]
521 3069 558 3134 iu
579 3067 653 3133 fata
679 3068 838 3146 decessit,
864 3067 1088 3151 sepultusque

139 3175 197 3257 est
223 3169 259 3231 in
286 3189 378 3234 nova
409 3169 555 3234 ecclesia
582 3170 729 3235 fratrum
755 3167 1021 3253 praedicatorum
1052 3168 1087 3231 in

141 3269 285 3333 castello
303 3270 469 3334 Bainardi
481 3269 700 3335 Londonens.
739 3270 807 3334 Die
821 3268 980 3345 Paschae,
993 3268 1089 3333 vide-

141 3368 223 3433 licet
240 3386 274 3433 v.
289 3370 336 3435 id.
348 3367 480 3453 Aprilis
497 3368 535 3455 [9
546 3369 664 3457 Apr.],
679 3369 771 3453 apud
785 3369 819 3435 S.
835 3369 1088 3448 Eadmundum,

140 3469 232 3533 circa
259 3470 380 3535 horam
408 3470 476 3535 diei
503 3472 662 3554 primam,
693 3477 765 3534 tam
801 3470 917 3535 subita
947 3476 1089 3553 tamque

140 3572 321 3653 repentina
344 3569 525 3635 fulminum
545 3571 751 3648 coruscati0,
777 3577 849 3634 tam
874 3571 979 3635 etiam
1007 3589 1089 3635 con-

140 3671 308 3748 tinuatus,
341 3690 420 3734 cum
449 3671 585 3752 fulgore
610 3671 766 3748 tonitrui,
801 3670 919 3752 fragor
942 3670 1088 3752 contigit

141 3769 400 3847 immoderatus,
430 3770 522 3852 quod
546 3772 607 3836 vix
634 3770 695 3854 qui
729 3770 913 3835 audierunt
943 3770 1090 3854 pedibus

140 3876 232 3934 stare
258 3877 458 3954 potuerunt.
522 3871 569 3935 Et
599 3891 678 3936 cum
711 3876 811 3935 tanta
848 3877 930 3934 tunc
962 3867 1089 3932 ibidem

139 3972 343 4053 contigisset
362 3971 579 4052 tempestatis
594 3971 821 4046 vehementia,
835 3969 998 4033 damnum
1013 3966 1090 4033 nul-

140 4070 210 4133 lum
228 4091 291 4154 per
307 4071 456 4154 patriam
474 4071 567 4147 fecit,
579 4078 641 4135 aut
654 4070 895 4155 permodicum.
934 4066 1089 4134 Eandem

139 4177 393 4254 tempestatem,
426 4171 555 4236 eisdem
587 4171 643 4236 die
674 4179 710 4236 et
741 4170 838 4247 hora,
868 4170 903 4233 in
932 4167 1089 4252 partibus
