2918 4866
345 410 537 458 rnonnuru
562 411 841 462 wroonnrnnsrs.
1027 399 1072 463 le

121 576 201 633 acta
224 576 306 634 sunt
330 568 418 646 baec,
447 575 482 633 et
509 568 633 633 insiliis
661 568 914 652 stolidissimis3
940 571 1070 636 idcirco

124 669 202 733 volo
218 676 254 733 te
269 669 358 734 scire
379 688 443 750 pro
461 676 555 734 certo
577 669 660 752 quia
683 676 719 735 et
741 690 795 735 me
813 678 848 736 et
865 679 900 735 te
917 691 1070 736 omnem·

123 789 190 851 que
206 769 372 833 familiam
387 787 500 835 meam
517 775 588 834 tuae
600 769 729 852 linguae
742 771 916 853 peremisti
929 772 1070 854 gladio.'

124 869 205 934 Hoc
234 870 339 947 dicto,
364 870 399 933 in
430 869 611 934 castellum
638 890 677 934 se
700 872 870 953 proripuit
897 873 1069 950 festinato,

124 969 375 1052 confestimque
397 970 527 1035 nuntiis
549 989 612 1053 per
635 970 922 1054 Nortbymbriam
944 973 1071 1050 missis,

124 1072 282 1136 omnibus
307 1069 462 1134 nuntiari
488 1071 638 1148 curavit,
668 1091 705 1137 se
734 1072 826 1136 necis
855 1071 958 1136 Liulfi
987 1091 1069 1137 con·

125 1172 235 1235 scium
266 1191 335 1236 non
368 1169 488 1248 fuisse,
519 1171 603 1254 quin
634 1173 749 1253 potius
777 1172 853 1256 ejus
882 1173 1071 1238 occisorem

126 1270 343 1336 Gilebertum
376 1290 562 1354 omnesque
588 1271 701 1336 socios
728 1271 838 1357 ipsius
868 1272 911 1337 de
938 1271 1070 1338 North·

126 1373 261 1455 ymbria
297 1372 435 1455 penitus
478 1371 671 1454 exlegasse,
713 1392 755 1437 ae
796 1380 958 1456 paratum
998 1372 1072 1438 fore

127 1473 349 1556 semetipsum
375 1491 526 1554 purgare
549 1472 736 1536 secundum
759 1473 930 1557 judicium
957 1474 1071 1555 ponti-

127 1572 236 1637 ficale.
288 1573 393 1649 Dein,
409 1573 524 1637 missis
537 1571 855 1651 intercurrentibus,
872 1572 931 1637 ille
952 1592 1073 1655 paren·

128 1680 250 1755 tesque
274 1674 477 1749 occisorum,
502 1692 588 1755 pace
611 1671 824 1738 adinvicem
850 1672 990 1738 datast
1016 1693 1074 1737 ac·

129 1781 243 1857 cepta,
265 1773 380 1837 locum
395 1779 432 1837 et
453 1773 543 1837 diem
567 1791 636 1855 quo
659 1773 841 1838 convenire
862 1773 1022 1855 interque
1036 1792 1075 1838 se

129 1893 250 1958 pacem
266 1873 450 1938 firmiorem
471 1873 585 1938 facere
606 1880 760 1957 possent,
778 1880 942 1939 statuere.
995 1873 1076 1952 Quo

130 1975 346 2052 adveniente,
368 1974 445 2038 loco
463 1974 650 2039 constituto
671 1974 709 2038 in
729 1994 836 2038 unum
862 1993 1073 2050 convenere3

130 2094 251 2138 verum
267 2094 345 2139 cum
367 2075 437 2138 illis
453 2075 716 2156 episcopussub
739 2075 820 2140 divo
842 2074 953 2140 noluit
967 2074 1076 2157 placi-

132 2182 219 2251 tare,
245 2175 306 2239 sed
334 2175 370 2238 in
399 2173 578 2239 ecclesiam
605 2193 684 2258 quae
709 2174 758 2239 ibi
783 2181 870 2253 erat,
898 2194 977 2239 cum
1004 2176 1077 2240 suis

132 2275 266 2339 clericis
290 2294 331 2339 ac
354 2273 664 2339 honorabilioribus
680 2276 846 2340 militibus
869 2274 1025 2352 intravit,
1043 2282 1078 2340 et

131 2375 275 2441 consilio
307 2374 439 2452 habito,
469 2374 575 2439 semel
600 2382 636 2440 et
665 2375 792 2440 iterum
821 2376 864 2440 de
892 2376 966 2440 suis
991 2395 1078 2458 quos

133 2477 257 2553 voluit,
273 2495 336 2558 pro
352 2494 438 2557 pace
453 2475 620 2552 socienda,
636 2474 729 2540 foras
743 2476 787 2542 ad
803 2495 863 2540 eos
880 2477 983 2540 misit.
1028 2474 1079 2541 At

133 2577 184 2639 illi
200 2594 418 2658 nequaquam
444 2576 562 2658 petitis
585 2576 861 2658 acquiescebant,
878 2577 961 2658 quia
985 2576 1081 2640 Liul-

134 2676 206 2740 funi
230 2676 323 2740 illius
344 2675 503 2760 jussione
531 2683 746 2758 peremptum
768 2676 875 2740 fuisse
897 2696 962 2759 pro
985 2685 1079 2741 certo

134 2777 329 2841 eredebant.
382 2774 477 2841 Nam
517 2774 732 2840 Gilebertum
770 2775 916 2860 ejusque
953 2777 1078 2853 socios,

134 2885 236 2941 nocte
263 2883 344 2958 post
368 2895 486 2940 necem
514 2876 700 2959 propinqui
726 2876 781 2940 sui
809 2877 981 2958 proxima,
1010 2896 1080 2941 non

135 2977 246 3041 solum
263 2978 299 3041 in
314 2976 453 3041 domum
471 2996 570 3041 suam
588 2975 794 3041 Leobwinus
818 2976 1031 3040 familiariter
1046 2984 1082 3041 et

135 3077 362 3141 amicabiliter
376 3077 541 3160 suscepit,
556 3096 676 3142 verum
691 3077 794 3141 etiam
809 3077 992 3159 episcopus
1008 3077 1082 3161 ipse

134 3177 245 3254 illum,
277 3185 315 3242 ut
342 3177 449 3260 prius,
476 3178 514 3241 in
544 3197 643 3242 suam
669 3178 817 3259 gratiam
846 3177 1082 3260 familiamque

135 3277 273 3360 recepit.
327 3277 429 3342 Unde
459 3296 589 3354 omnes,
622 3278 682 3359 qui
714 3297 759 3342 ex
788 3284 887 3360 parto
916 3278 1082 3342 antistitis

136 3378 221 3442 foris
238 3378 369 3441 inventi
392 3377 541 3455 fuerant,
559 3378 718 3460 primitus
736 3379 946 3456 occiderunt,
962 3377 1083 3460 paucis

137 3479 222 3560 fuga
249 3478 444 3542 reservatis
498 3475 578 3556 Quo
606 3478 693 3554 viso,
722 3485 762 3542 ut
793 3478 944 3543 hostium
976 3478 1084 3542 furori

137 3578 365 3657 satisfaceret,
393 3578 624 3661 propinquum
646 3597 760 3653 suum,
782 3578 966 3661 praefatum
990 3576 1084 3642 Gile·

137 3681 286 3756 bertum,
323 3679 422 3764 cujus
459 3680 575 3742 anima
610 3679 841 3761 quaerebatur,
878 3679 1005 3760 praesul
1042 3675 1085 3740 de

138 3779 285 3845 ecclesia
299 3778 407 3863 jussit
431 3779 548 3843 exire:
577 3798 679 3861 quem
705 3779 934 3860 egredientem
958 3778 1085 3842 milites

138 3881 399 3962 repugnaturie
422 3879 570 3961 vestigio
592 3886 674 3944 sunt
693 3879 824 3954 secuti;
853 3879 914 3943 sed
936 3899 1020 3944 mox
1042 3879 1085 3943 ab

133 3980 296 4051 hostibus
320 3980 471 4062 undique
497 3980 623 4061 gladiis
650 3988 684 4043 et
710 3979 840 4043 lanceis
869 3979 1025 4063 appetiti,
1049 3979 1085 4041 in
1203 4051 1205 4055 y

139 4088 312 4145 momento
330 4087 410 4145 sunt
427 4080 608 4163 perempti,
625 4080 758 4144 duobus
778 4085 913 4144 tantum
929 4077 1087 4160 Anglicis

137 4181 304 4246 ministris
328 4188 472 4265 propter
494 4179 831 4262 consanguinitatem
850 4183 1087 4263 pepercerunt.
