2918 4866
277 368 342 432 150
523 384 773 432 courruunmo
797 384 973 432 cuncmor

277 547 316 604 ut
334 539 434 603 nobis
452 540 605 602 animum
623 539 754 602 domini
769 559 882 621 papae,
898 547 933 604 et
948 539 1037 622 quod
1055 537 1148 600 circa
1162 555 1225 600 nos

277 647 430 703 statuere
453 646 673 720 proponeret,
691 641 878 721 aperirent.
931 639 1024 721 Ipsis
1042 658 1124 703 vero
1142 635 1226 699 nihil

279 740 344 802 nisi
359 738 549 814 sinistrum,
564 748 599 802 et
614 747 740 802 vestrae
761 739 1005 803 excelsitudini
1021 736 1225 819 ignominio-

278 857 353 901 sum
369 839 639 919 reportantibus,
658 858 703 901 ex
718 839 937 921 singultuosa
954 858 1073 903 eorum
1099 843 1134 900 et
1156 835 1226 899 ira·

278 939 342 1001 tris
362 938 500 1015 Franci,
510 937 621 1001 fidelis
637 932 768 1015 vestri,¹
788 939 957 1002 relatione
972 938 1227 1020 praesensimus,

279 1036 370 1118 quod
395 1055 436 1098 eo
457 1036 512 1099 die
537 1037 801 1102 immutabiliter
826 1039 1046 1119 disposuerat
1069 1036 1227 1100 dominus

281 1155 373 1218 papa
405 1136 440 1197 in
474 1155 536 1199 vos
569 1138 784 1214 nominatim,
817 1147 852 1201 et
881 1140 916 1201 in
957 1144 1066 1201 totam
1098 1143 1226 1199 terram

282 1243 444 1307 vestram,
469 1236 688 1298 cismarinam
712 1243 748 1300 et
773 1238 1050 1312 transmarinam,
1073 1235 1117 1298 de
1138 1254 1228 1298 com·

280 1335 376 1396 muni
393 1334 539 1397 fratrum
555 1336 698 1398 consilio
714 1336 888 1400 interdicti
902 1336 991 1400 serre
1007 1335 1227 1410 sententiam,

281 1441 316 1496 et
331 1452 407 1495 eam
424 1453 502 1513 quae
525 1435 561 1496 in
583 1435 765 1516 episcopos
786 1434 859 1499 lata
881 1436 996 1500 fuerat
1013 1435 1227 1498 confirmare.

283 1530 394 1595 Positi
411 1533 517 1612 igitur
537 1535 573 1596 in
600 1535 807 1611 arctissimo,
827 1537 920 1599 omni
943 1534 1060 1599 studio
1079 1538 1228 1597 attenta-

283 1630 393 1695 vimus
409 1651 471 1712 per
487 1632 692 1710 cardinales,
710 1641 746 1698 et
756 1654 819 1715 per
829 1635 909 1699 illos
924 1635 967 1698 de
981 1634 1084 1698 sociis
1100 1632 1229 1696 nostris

282 1731 341 1810 qui
357 1730 399 1792 ad
413 1730 510 1793 illum
524 1732 698 1796 habebant
709 1753 899 1811 accessum,
914 1742 951 1797 et
964 1753 1027 1816 per
1041 1731 1229 1796 familiares

282 1847 375 1905 suos,
399 1836 439 1892 ut
462 1839 614 1895 cessaret
639 1831 772 1897 abhoc
799 1835 990 1917 proposito,
1019 1833 1075 1896 vel
1104 1832 1227 1895 saltem

281 1928 445 2004 differret,
477 1949 588 2011 usque
618 1932 663 1995 ad
688 1932 875 1997 adventurn
903 1934 1143 2015 episcoporum
1169 1950 1230 1995 ve-

281 2035 442 2091 strorum.
476 2027 579 2107 Quod
597 2050 673 2094 cum
693 2033 790 2096 nullo
806 2033 907 2096 modo
923 2034 997 2095 fieri
1015 2033 1138 2114 possit,
1153 2050 1229 2107 noS,

281 2128 371 2191 sicut
394 2128 504 2200 decet,
529 2138 563 2193 et
582 2131 673 2194 sicut
690 2130 863 2196 debitores
881 2133 982 2196 vobis
1004 2150 1136 2207 sumus,
1151 2150 1229 2212 per-

282 2247 377 2291 sonae
412 2235 537 2292 vestrae
570 2228 729 2307 dedeouS,
762 2239 798 2296 et
829 2233 936 2296 totius
968 2239 1070 2295 terrae
1104 2237 1229 2293 vestrae

284 2346 473 2410 gravamen
497 2329 666 2394 sustinere
692 2351 762 2395 non
783 2333 940 2396 valentes
965 2351 1028 2395 nec
1053 2330 1230 2406 debenteS,

285 2427 422 2491 tandem
447 2430 647 2493 convocatis
669 2432 772 2494 sociis
795 2432 922 2494 nostris
948 2450 1064 2494 coram
1087 2430 1229 2512 quibus-

285 2527 364 2591 dam
387 2529 629 2605 cardinalibuS,
646 2531 738 2594 viam
764 2531 958 2594 invenimus
984 2529 1090 2594 saluti
1105 2536 1231 2592 vestrae

285 2635 321 2692 et
336 2628 456 2691 honori
473 2630 598 2692 bonam
613 2639 649 2695 et
662 2629 874 2707 secundam?
892 2641 926 2694 et
941 2631 1113 2693 universae
1128 2636 1231 2692 terrae

286 2736 410 2793 vestrae
442 2729 573 2805 utilem,
602 2738 637 2793 et
663 2731 835 2811 episcopis
866 2730 1107 2793 necessariam.
1159 2727 1231 2791 Pro

286 2848 355 2911 qua
375 2848 397 2892 a
421 2829 530 2904 vobis,
557 2835 593 2891 et
615 2849 635 2892 a
659 2839 752 2893 terra
776 2837 905 2906 vestra,
933 2836 968 2892 et
990 2830 1034 2892 ab
1060 2827 1232 2910 episcopis

285 2930 409 2993 vestris
435 2928 584 2991 dedecus
611 2935 646 2991 et
672 2929 876 3010 periculum,
902 2929 994 3011 quod
1019 2928 1232 3004 imminebat,

287 3029 487 3104 avertimus,
516 3034 551 3091 et
581 3047 644 3091 nos
674 3029 769 3110 ipsos
795 3048 858 3110 pro
888 3029 953 3093 hac
981 3028 1141 3091 libertate
1167 3026 1234 3091 toti

287 3129 439 3214 periculo
462 3128 696 3209 exposuimus,
720 3129 900 3192 credentes
924 3135 960 3192 et
981 3137 1110 3191 certam
1136 3146 1232 3208 spem

287 3230 462 3306 babentes,
491 3227 583 3309 quod
609 3234 722 3290 totum
747 3229 925 3310 negotium
959 3227 1158 3309 procederet
1178 3245 1233 3289 se·

289 3331 435 3397 cundum
462 3326 555 3410 quod
582 3326 753 3390 credimus
779 3348 842 3391 vos
862 3326 963 3402 velle,
986 3334 1020 3389 et
1041 3325 1232 3388 secundum

290 3431 382 3517 quod
410 3429 536 3493 scimus
560 3444 623 3489 vos
652 3426 741 3489 velle
766 3427 900 3491 debere.
961 3425 1132 3489 Dominus
1156 3424 1233 3489 Wi-

292 3529 469 3617 gornensis
501 3533 536 3591 et
567 3526 726 3589 dominus
760 3526 980 3590 Ebroicensis
1010 3525 1174 3607 episcopi,
1198 3530 1234 3587 et

296 3634 490 3701 Radbertus
526 3626 676 3689 decanus
723 3625 953 3701 Ebroicensis
987 3633 1024 3688 et
1067 3625 1235 3705 magister

301 3736 359 3811 ll„
390 3734 426 3798 in
459 3728 616 3813 proximo
637 3726 775 3787 venturi
801 3733 912 3801 erant,
945 3731 981 3788 et
1011 3743 1070 3787 eos
1094 3723 1233 3806 quidem

298 3835 482 3904 dinisimm
496 3828 588 3892 ultra
608 3823 748 3887 modum
766 3824 892 3887 anxios
911 3834 947 3887 et
965 3825 1134 3898 turbatos
1151 3821 1235 3904 quia

301 3958 365 4025 p*
381 3928 547 4019 explendo
568 3923 709 4006 negotio
728 3931 854 4000 vestro,
879 3942 941 4005 pro
964 3923 1054 3986 velle
1077 3941 1153 3998 suo,
1174 3941 1234 3985 ve·

341 4168 347 4195 ι
369 4162 465 4229 yffll
478 4158 541 4209 Tui,
557 4153 620 4205 Hor.
785 4143 968 4209 ²Secuodam.]
986 4146 1114 4195 Securum.
1135 4145 1198 4192 lloo.
