2918 4866
428 401 620 452 rnoaurvru
648 400 930 454 wrcoanrrnsrs.
1083 389 1147 454 201

198 557 478 642 occultabantur,
510 583 571 646 per
614 561 762 626 medium
803 555 1008 627 Infirmariae
1039 557 1145 628 dedu-

199 672 330 741 centes,
347 664 382 727 in
401 663 551 728 insulam
566 682 682 727 secum
705 662 890 727 duxerunt.
944 662 1042 742 Quos
1069 685 1146 729 cum

197 765 340 848 quidam
370 764 557 829 monachus
596 763 751 848 ejusdem
787 762 855 827 loci
891 765 1146 848 insequeretur,

200 865 422 948 magnatibus
459 864 630 928 insulanis
666 884 737 927 rem
779 871 914 945 gestam
953 865 1148 931 luculenter

201 965 374 1049 exposuit.
426 965 583 1030 Tandem
616 964 717 1029 dictis
742 964 910 1030 insulanis
937 968 1149 1031 sententian-

199 1052 308 1143 xtibus,
323 1065 406 1130 dicti
421 1065 545 1130 ribaldi
566 1083 645 1129 cum
670 1064 771 1130 dictis
789 1065 888 1146 equis
904 1065 1046 1130 arbitrio
1064 1067 1148 1132 dicti

202 1167 360 1231 monachi
378 1163 700 1231 committebantur:
724 1184 825 1248 quoS,
842 1166 1016 1245 videlicet,
1028 1186 1148 1251 equos,

204 1288 283 1331 cum
305 1266 349 1331 ad
366 1267 475 1331 altare
495 1265 615 1331 Sancti
633 1265 840 1343 Eadmundi,
856 1266 891 1329 in
907 1267 1042 1350 signum
1060 1287 1148 1351 prae·

204 1368 431 1451 sumptionis;
480 1365 615 1450 gladios
658 1385 753 1444 suoS,
795 1386 883 1448 quos
922 1366 1149 1432 irreverenter

202 1475 325 1532 contra
361 1468 480 1533 Sancti
516 1467 708 1532 libertatem
751 1474 967 1545 arrexerant,
1004 1471 1149 1553 martyri

203 1567 431 1634 obtulerunt.¹

256 1669 461 1747 Edwardus,
493 1665 621 1733 domini
658 1669 749 1751 regis
784 1667 1044 1752 primogenitus,
1074 1667 1148 1750 qui·
1161 1687 1255 1735 aurur-

204 1770 349 1834 husdam
372 1770 539 1834 insulanis
559 1770 671 1852 ipsum
697 1769 913 1846 ducentibus,
936 1785 970 1833 ν.
994 1767 1040 1832 id.
1060 1737 1294 1878 Julfiffssssng

204 1867 270 1962 [ll
288 1870 310 1934 J
316 1865 382 1960 ul]
408 1869 554 1935 insulam
576 1869 750 1934 Eliensem
772 1870 929 1946 intravit,
947 1868 1003 1932 cui
1029 1869 1147 1932 statim
1195 1848 1259 1878 ω’

205 1970 320 2035 insula
342 1971 477 2036 reddita
498 1970 576 2047 fuit,
598 1969 683 2053 ipsis
705 1971 741 2032 in
763 1969 874 2033 forma
900 1969 983 2033 dicti
1004 1968 1046 2032 de
1076 1968 1148 2033 Ke-

206 2072 387 2136 nilewurth
406 2091 524 2155 pacem
543 2071 797 2153 recipientibus.

257 2172 389 2237 Civitas
408 2170 602 2237 Antiochiae
624 2178 729 2254 capta
748 2178 802 2235 est
825 2189 846 2234 a
868 2170 1012 2234 soldano
1031 2169 1149 2253 Baby·
1170 2185 1302 2227 aaran.

207 2272 320 2348 loniae,
345 2273 368 2337 J
372 2272 478 2336 udaeis
501 2272 560 2355 qui
581 2271 707 2336 ibidem
729 2272 955 2336 morabantur
981 2271 1050 2335 hoc
1068 2252 1311 2353 pro-{lhilii'ss‘

205 2371 438 2451 curantibus,²
473 2372 528 2437 die
558 2369 782 2436 Ascensionis
808 2372 959 2448 Domini,
992 2371 1053 2455 qui
1082 2371 1148 2435 suit
1161 2353 1315 2454 ffl‘m‘

208 2487 285 2536 xvr.
317 2472 513 2545 katranii
544 2468 606 2562 [17
625 2467 745 2561 Maii].
794 2471 996 2536 Octobonus
1011 2471 1149 2552 legatus

207 2574 395 2638 celebravit
412 2573 593 2638 concilium
617 2572 708 2656 apud
726 2571 951 2649 Londoniam,
976 2569 1056 2655 post
1080 2570 1149 2635 Pa·
1162 2586 1304 2626 sennenn

1162 2637 1259 2678 London.

205 2673 324 2737 scham
340 2673 559 2739 Dominicam
576 2669 614 2758 [8
630 2671 747 2758 Apr.],
764 2692 833 2754 qua
854 2679 1014 2738 cantatur
1032 2672 1149 2736 Evan-

207 2774 334 2855 gelium
353 2780 362 2809 ‘
377 2775 453 2856 Ego
468 2794 543 2838 sum
556 2782 676 2856 pastor
689 2773 824 2838 bonus?
864 2770 907 2837 In
921 2792 990 2856 quo
1002 2771 1151 2837 absolvit
1162 2786 1272 2877 §diffie

207 2874 393 2957 Symonem
412 2875 454 2939 de
470 2873 700 2950 Monte-forti,
716 2874 874 2937 comitem
892 2872 1100 2949 Leicestriae,
1115 2882 1151 2936 et
1162 2887 1248 2926 anchis

1163 2939 1278 2976 adherente

209 2974 295 3039 alios
311 2994 397 3057 quos
417 2975 513 3057 prius
536 2974 894 3037 excommunicaverat
915 2974 1049 3036 ratione
1071 2992 1148 3054 per·
1162 2988 1271 3028 absolvet.

207 3076 413 3139 turbationis
444 3074 636 3140 antedictae.
689 3073 821 3138 Iterum
854 3072 1044 3138 celebravit
1069 3087 1275 3136 con-aouncu

1163 3140 1204 3177 and
1213 3138 1289 3188 parlie-

207 3175 322 3240 cilium
353 3175 445 3258 apud
478 3174 766 3250 Norhamtonam,
797 3193 879 3254 rege
913 3173 1040 3237 ibidem
1071 3193 1148 3237 cum
1162 3191 1292 3289 ffiggp·

208 3276 405 3357 proceribus
431 3274 684 3357 parlamentum
710 3281 859 3338 tenente.
913 3273 956 3338 In
979 3293 1047 3355 quo
1069 3293 1149 3338 con·
1162 3293 1208 3330 ton-

206 3376 286 3439 cilio
309 3377 399 3440 idem
426 3375 563 3456 legatus
591 3374 767 3437 dominum
793 3374 1014 3451 Edwardum,
1041 3382 1076 3439 et
1105 3373 1149 3439 G.
1163 3389 1291 3430 uincend-

1163 3441 1228 3487 πειτα,
1237 3439 1275 3477 the

207 3477 369 3540 comitem
386 3475 598 3552 Gloverniae,
614 3481 650 3538 et
668 3474 902 3557 quamplures
917 3475 1004 3538 alios
1019 3475 1316 3539 nobilesearlosfflou·
1389 3532 1393 3538 .

1163 3543 1238 3588 cester,
1248 3541 1290 3579 and

181 3595 309 3644 .cruce
333 3576 495 3657 signavit.
549 3575 774 3658 Concilioque
799 3582 952 3658 peracto,
977 3575 1151 3640 licentiam
1164 3590 1315 3640 otheruirued

1165 3641 1217 3679 vvlth
1227 3642 1264 3680 the

207 3676 420 3758 repatriandi
443 3676 567 3740 devote
586 3675 789 3758 postulavit,
816 3682 851 3739 et
877 3676 981 3739 tertio
1004 3675 1049 3741 id.
1065 3673 1089 3738 J
1092 3676 1153 3740 ulii
1165 3702 1288 3789 “frigiata

207 3770 271 3863 [13
285 3778 309 3842 J
313 3769 379 3864 ul.]
397 3796 492 3841 mare
509 3775 707 3858 ingrediens
724 3774 976 3842 transfretavit.
1165 3793 1251 3882 ffl'

241 3981 251 4016 ¹
270 3985 667 4048 Quocvidelicet...obtuleruat.]
693 3986 840 4049 According
854 3991 881 4034 to
897 4001 966 4036 some
982 3992 1102 4036 accounts
1113 3987 1156 4036 the

208 4057 278 4106 Here
298 4057 340 4106 the
357 4061 411 4106 text
426 4058 449 4106 is
465 4056 608 4117 manifestly
623 4056 667 4105 de·
693 4057 745 4106 loss
757 4057 786 4106 of
799 4056 841 4106 the
853 4057 905 4118 city
916 4072 972 4106 was
982 4058 1067 4119 owing
1077 4062 1103 4105 to
1113 4057 1156 4107 the

206 4127 308 4177 fective.
694 4127 824 4189 treachery
848 4128 878 4177 of
896 4126 938 4176 the
960 4127 1102 4188 patriarch3
1131 4133 1157 4176 to

242 4195 253 4224 ¹
266 4198 365 4247 Judoeie
377 4231 383 4248 .
397 4234 403 4247 .
418 4232 425 4246 .
438 4196 667 4260 procurantibus]
694 4198 788 4260 othere,
799 4199 828 4247 os
836 4198 878 4247 the
889 4198 1052 4248 inhabitants.
