2918 4866
365 418 560 467 rnoannru
586 414 868 467 wreonnrrusrs.
1044 401 1089 465 33

137 584 211 638 tum
222 575 373 652 tenebat,
387 574 602 652 Anselmum,
616 577 822 640 Beccensem
835 575 1005 652 abbatem,
1017 577 1087 658 pri·

135 675 283 740 dienen.
302 677 505 741 Decembris
522 675 560 761 [4
573 674 676 760 Deo]
690 687 981 742 consecraverunt
996 678 1086 740 anti-

136 777 265 839 stitem.
319 777 450 840 Eodem
480 797 572 841 anno
585 777 781 841 Willelmns
800 796 915 840 comes
931 777 973 841 de
990 776 1190 855 Owe‚wn1am

135 879 211 939 auri
238 878 369 957 ingenti
386 879 499 941 victus
519 877 699 955 aviditate,
715 884 751 942 et
765 878 926 960 promissi
947 877 1085 943 honoris
1098 850 1241 940 iiiiiiirii

133 984 256 1058 captus
273 979 521 1059 magnitudine,
537 998 559 1042 a
574 979 725 1043 naturali
742 979 882 1042 domino
909 998 972 1042 suo
997 979 1086 1042 Rot-
1098 948 1208 1039 billi?

133 1077 243 1151 berto,
261 1077 539 1143 Normannorum
556 1079 692 1156 comite,
708 1081 763 1143 cui
776 1079 977 1144 fidelitatem
987 1079 1084 1161 jura-

133 1185 243 1254 verat,
260 1177 395 1257 desecit,
412 1181 492 1244 etin
504 1178 668 1262 Angliam
686 1180 729 1243 ad
746 1199 860 1262 regem
870 1179 1083 1244 Willelmum

133 1280 287 1358 veniens,
303 1279 396 1344 illius
414 1301 450 1344 se
471 1280 636 1358 dominio,
654 1289 694 1347 ut
712 1280 874 1345 seductor
895 1280 1081 1359 maximus,

133 1379 345 1462 subjugavit.
886 1379 888 1382 ’

184 1478 326 1545 Arfasto
351 1483 447 1565 prins
465 1482 632 1547 Willelmi
653 1482 801 1560 comitis,
826 1490 861 1547 et
890 1490 970 1565 post
991 1482 1080 1548 Wil·
1105 1500 1169 1539 nn.
1179 1501 1236 1540 1⁰⁹4.

132 1579 227 1643 lelmi
258 1583 349 1663 regis
381 1584 572 1665 capellano,
598 1603 762 1666 processu
798 1602 878 1647 vero
918 1585 1082 1666 temporis
1094 1566 1239 1656 gill‘ffi,

135 1679 407 1747 Theodsordensi
423 1685 596 1767 episcopo,
606 1684 680 1767 jam
693 1685 735 1748 de
748 1684 859 1747 medio
875 1682 979 1759 facto,
992 1683 1080 1767 ejus·
1094 1667 1222 1767 ffllffi

132 1800 200 1862 que
212 1801 409 1847 successore
419 1784 607 1860 willelmo,
621 1783 870 1859 Hereberhtus‚
882 1784 941 1865 qui
954 1803 1082 1867 cogno·
1094 1768 1184 1818 Μ·

132 1881 330 1946 minabatur
355 1883 518 1966 losinga,
536 1885 628 1966 quod
651 1885 682 1949 ei
706 1904 762 1948 ars
785 1884 994 1948 adulationis
1017 1904 1081 1947 nu-

134 2002 196 2063 per
225 1990 357 2065 egerat,
386 2004 430 2048 ex
465 1985 579 2067 priore
610 1985 791 2049 Fescamni
819 1993 855 2049 et
887 2004 930 2047 ex
958 1986 1082 2049 abbate

134 2082 320 2161 Ramesiae,
343 2092 459 2168 empto
483 2087 685 2168 praesulatu,
704 2084 996 2149 Theodfordensis
1025 2105 1081 2148 ec-

132 2184 246 2247 clesiae
270 2183 384 2249 factus
408 2194 461 2250 est
490 2187 684 2269 episcopua
708 2193 806 2268 patre
831 2204 895 2248 suo
911 2184 1081 2250 Rotberto

133 2284 288 2367 ejusdem
317 2287 531 2368 cognominis
557 2287 593 2350 in
617 2286 791 2351 abbatiam
814 2285 1003 2350 Wintoniae
1029 2287 1081 2349 in-

133 2394 241 2449 truso.
303 2386 540 2452 Veruntamen
568 2406 745 2450 erroneum
771 2387 937 2469 impetum
955 2384 1218 2493 juven-parma

133 2487 218 2549 tutis
228 2487 379 2551 abolevit
389 2489 594 2570 poenitentia
608 2508 616 2566 ;
636 2487 785 2552 Romam
800 2486 974 2570 profectus
986 2506 1083 2551 seve·
1116 2464 1171 2495 ‘m‘

133 2586 281 2650 rioribus
307 2588 417 2664 annis,
436 2589 495 2651 ubi
519 2589 585 2652 loci
611 2588 837 2652 simoniacum
864 2587 1024 2651 baculum
1047 2595 1082 2652 et

133 2687 298 2750 annulum
328 2689 516 2772 deponens,
552 2689 768 2771 indulgentia
807 2687 1081 2753 clementissimae

132 2787 224 2851 sedis
244 2788 369 2854 iterum
393 2789 545 2872 recipere
573 2790 710 2852 meruit.
756 2788 907 2851 Domum
923 2808 1005 2851 vero
1032 2809 1082 2852 re·

133 2908 266 2965 versus
289 2889 405 2952 sedem
431 2890 662 2973 episcopalem
683 2888 932 2971 transportavit
958 2887 1001 2952 ad
1029 2889 1080 2950 in-

134 2989 266 3069 signem
301 2991 531 3055 mercimoniis
569 3000 604 3054 et
639 2989 843 3073 populorum
887 2988 1081 3072 frequentia

134 3090 248 3154 vicum
265 3091 402 3154 nomine
416 3091 592 3168 Nordwic,
607 3091 724 3173 ibique
738 3088 983 3155 monachorum
999 3108 1080 3152 con-

133 3191 371 3272 gregationem
398 3191 560 3257 instituit.
613 3190 692 3254 Rex
709 3190 906 3256 Willelmus
924 3189 1080 3256 Haestin·
1094 3207 1230 3298 mgepluar

133 3310 213 3372 garn
244 3291 340 3368 adiit,
364 3292 557 3374 ibidemque
584 3291 764 3356 ecclesiam
797 3291 840 3354 de
864 3291 962 3355 Bello
987 3289 1080 3353 dedi·
1094 3263 1211 3349 lioba

133 3391 203 3455 cari
221 3392 315 3470 fecit,
336 3398 371 3455 et
394 3400 473 3475 post
491 3393 739 3456 Normanniam
759 3392 880 3474 petiit:
905 3391 950 3454 ad
965 3390 1081 3464 fratris
1095 3413 1187 3453 wnnm

131 3493 341 3574 colloquium
361 3495 425 3558 sub
442 3500 574 3558 statuta
589 3512 674 3576 pace
692 3493 796 3568 venit,
813 3491 872 3556 sed
888 3492 1081 3574 impacatus
1093 3469 1224 3564 illiba.

133 3594 176 3658 ab
210 3613 250 3659 eo
286 3593 453 3657 recessit.¹
517 3592 642 3658 Comes
674 3592 812 3675 quidem
845 3591 1081 3674 Rotomagum

169 3857 490 3926 ¹Arsaeto...recearit.]
518 3861 549 3908 In
564 3861 594 3910 C.
620 3874 667 3908 suo
689 3860 744 3920 regi
766 3858 894 3906 Willelmo
917 3859 1014 3920 juniori
1037 3874 1084 3920 per

131 3930 182 3980 this
194 3933 294 3992 portion
306 3931 335 3980 of
345 3931 388 3980 the
404 3936 457 3981 text
471 3930 594 3980 hasbeen
620 3930 718 3992 legatos
736 3929 874 3990 mandavit,
896 3943 985 3990 pacem
1007 3944 1083 3992 quam

131 4002 378 4050 substitutedinthe
391 4017 460 4051 room
473 4002 525 4050 osa
537 4005 595 4062 part
621 4001 686 4049 inter
715 4015 742 4049 se
770 4000 929 4048 firmaverant
955 4015 1004 4048 non
1026 4014 1083 4048 esse

131 4073 231 4133 erased,
242 4072 328 4122 where
346 4073 366 4120 it
381 4073 504 4133 probably
523 4071 595 4121 stood
621 4071 719 4120 diutius
758 4074 936 4120 servaturum:
980 4071 1084 4131 insuper

129 4155 158 4190 aa
180 4144 206 4190 in
229 4143 270 4191 the
296 4143 401 4204 edition,
418 4144 468 4192 viz.
488 4141 595 4191 ‘Comes
621 4142 694 4190 illum
714 4143 815 4191 vocavit
833 4142 963 4202 perjurum
985 4144 1011 4188 et
1029 4155 1084 4201 per·

130 4212 334 4263 Normannorum
359 4214 504 4274 Rotbertue‚
523 4212 596 4261 fratri
621 4212 710 4273 fidum,
733 4212 783 4260 nisi
802 4212 991 4261 conventionem
1019 4210 1084 4267 inter

181 4331 266 4380 Tou.
287 4331 323 4380 11.
913 4327 934 4372 D
