2918 4866
379 387 444 454 230
625 401 873 451 courrnusrro
897 401 1073 455 cuaourcr

380 563 545 628 tractioni
561 570 668 646 atque
683 563 913 647 suspensioni,
924 563 1050 646 capitis
1065 559 1332 637 detruncationi,

379 664 621 741 combustioni,
644 672 750 748 atque
775 665 1006 732 membrorum
1034 661 1255 746 adjudicatus
1275 668 1331 727 est

379 764 579 830 desectioni.
632 764 741 850 Cujus
756 772 862 849 caput
877 763 1077 839 Londoniae,
1089 783 1216 844 corpus
1233 780 1332 838 vero,

379 884 441 946 par
469 873 618 948 quatuor
639 874 756 948 partes
779 867 967 942 desectum,
982 864 1213 943 wincestriae,
1235 861 1332 927 Nor-

379 964 565 1042 bamtonae,
588 964 733 1030 Cestriae
757 974 862 1049 atque
892 965 1049 1029 Eboraco
1075 971 1129 1028 est
1150 963 1333 1029 transmis-

378 1084 477 1139 sum;
502 1066 635 1131 viscera
651 1084 734 1130 varo
759 1066 926 1151 ejusdem,
950 1072 1091 1148 propter
1113 1064 1329 1147 frequentem

378 1165 601 1230 ecclesiarum
619 1167 903 1242 combustionem,
926 1165 970 1230 ad
996 1164 1169 1246 sacrilegii
1193 1163 1329 1229 facinus

379 1266 602 1349 puniendum,
618 1268 848 1331 combustioni
870 1265 996 1331 ibidem
1015 1272 1098 1330 sunt
1114 1264 1328 1348 adjudicata.

379 1364 466 1433 Cum
498 1386 567 1450 quo
600 1368 705 1431 etiam
730 1367 942 1432 senescallus
964 1365 1131 1450 ejusdem,
1159 1365 1329 1429 Mabadin

378 1466 528 1543 nomine,
557 1466 657 1532 factis
684 1468 800 1549 potius
829 1487 934 1549 quam
969 1467 1105 1530 nomine
1143 1466 1326 1543 barbarus,

378 1585 483 1649 super
509 1568 702 1649 proditione
731 1568 924 1644 convictus
949 1567 1047 1650 equis
1075 1567 1265 1631 distractus
1292 1574 1329 1631 et

217 1684 346 1735 florerem·
378 1669 563 1749 suspendio
591 1668 728 1732 demum
764 1674 818 1732 est
849 1668 1086 1749 interemptus.
1139 1666 1330 1745 Robertus,

215 1737 240 1774 el
247 1737 349 1785 Durbam,

215 1786 259 1832 aa
274 1797 320 1826 suc·
379 1768 623 1833 Dunelmensis
670 1769 866 1851 episcopus,
904 1769 1010 1848 obiit3
1061 1767 1118 1832 cni
1157 1767 1328 1833 successit

215 1837 328 1976 {3⁰33ss
378 1867 537 1933 dominus
564 1867 737 1933 Antonius
764 1867 853 1945 Bek,
881 1867 1035 1952 ejusdem
1062 1867 1130 1932 loci
1157 1866 1329 1932 archidia-

264 1964 269 1976 '
377 1987 497 2033 conus.
550 1968 754 2046 Nioholaus,
787 1970 894 2033 abbas
929 1968 966 2032 S.
987 1967 1176 2049 Augustini
1214 1967 1325 2032 Cant-

377 2069 497 2146 uariae,
539 2069 702 2134 simulata
743 2069 1018 2153 peregrinatione
1068 2067 1112 2132 ad
1156 2067 1325 2132 Sanctum

378 2167 588 2234 Nicholaum
605 2170 648 2232 ad
661 2170 803 2246 Barum,
816 2171 946 2234 curiam
963 2168 1094 2233 domini
1110 2187 1210 2250 papae
1227 2167 1326 2246 adiit,

377 2275 482 2350 atque
498 2269 621 2333 baculo
639 2275 673 2333 et
688 2269 817 2334 annulo
834 2269 1013 2352 dignitatis
1031 2288 1104 2333 suae
1124 2269 1161 2333 in
1180 2287 1325 2334 manum

376 2366 506 2431 domini
530 2387 631 2450 papae
662 2369 864 2450 resignavit.
917 2369 998 2448 Quo
1015 2369 1121 2446 facto,
1143 2369 1257 2432 ordini
1282 2388 1321 2434 sa

376 2468 555 2532 transtulit
565 2468 879 2550 Cartbusiensium;
896 2469 1072 2534 abbatiam
1081 2488 1164 2534 vero
1176 2469 1325 2534 contulit

376 2565 534 2632 dominus
556 2588 649 2652 papa
668 2569 805 2634 cuidam
829 2570 973 2635 Thomas
998 2569 1041 2633 de
1065 2569 1213 2647 Findon,
1230 2568 1325 2652 ejus·

214 2685 344 2736 Μετώπα
375 2667 452 2732 dem
478 2670 677 2734 monasterii
705 2670 887 2736 monacho.
952 2669 1090 2746 Petrus,
1122 2688 1185 2733 rex
1214 2668 1325 2735 Arra-

212 2735 344 2835 {iffi-¹¹⁹
375 2770 500 2850 goniae,
531 2770 695 2834 interris
722 2770 858 2848 Siciliae,
891 2769 1073 2846 Calabriae,
1107 2777 1143 2834 et
1170 2767 1327 2852 Apuliae,

212 2837 327 2936 'sibilislor
375 2869 508 2934 ratione
534 2870 653 2935 uxoris
675 2889 761 2948 suae,
785 2877 907 2954 utpote
932 2870 1013 2935 filiae
1048 2869 1232 2947 Manbedi,
1260 2870 1324 2935 filii

377 2967 562 3046 Frederici,
572 2970 745 3053 quondam
764 2970 1000 3035 Romanorum
1015 2969 1246 3052 imperatoris,
1261 2971 1323 3053 qui

374 3069 459 3150 ipsis
481 3071 594 3146 terris,
614 3079 655 3134 ut
679 3076 850 3148 asserunt,
873 3071 1015 3134 saisitus
1039 3070 1136 3148 obiit,
1164 3077 1199 3134 et
1219 3072 1324 3135 vesti-

372 3176 441 3245 tus,
471 3170 531 3253 jus
562 3170 628 3234 sibi
652 3170 831 3235 vindicans
869 3170 1136 3247 baereditarium,
1165 3171 1323 3253 ipsarum

375 3277 543 3333 terrarum
566 3289 726 3351 proceres
748 3277 820 3335 tum
838 3271 1016 3354 promissis
1039 3278 1113 3335 tum
1136 3269 1235 3334 donis
1258 3271 1325 3336 sibl

374 3368 540 3445 alliciens,
556 3377 757 3433 cunctorum
781 3377 983 3453 magnatum
1004 3376 1174 3435 terrarum
1194 3390 1326 3436 memo·

372 3475 526 3531 ratarum
560 3487 701 3532 assensu
732 3477 766 3534 at
798 3471 928 3546 favore,
960 3471 1073 3535 omnia
1105 3470 1250 3535 castella
1286 3479 1323 3536 et

372 3567 580 3632 munitiones
604 3568 739 3646 Karoli,
757 3571 849 3652 regis
873 3571 1013 3647 Siciliae,
1036 3579 1110 3635 arte
1130 3571 1203 3636 sive
1227 3571 1322 3650 dolo,

372 3687 441 3732 una
471 3667 525 3731 die
560 3671 757 3752 occupavit,
789 3671 881 3735 viros
920 3671 1080 3735 inventos
1119 3671 1321 3749 trucidavit,

372 3767 552 3833 thesauros
596 3770 661 3833 sibi
696 3770 945 3853 appropriavit,
988 3771 1165 3853 navigium
1207 3788 1324 3850 suum,

371 3867 565 3933 hominibus
598 3871 709 3946 caesis,
746 3871 883 3954 penitus
921 3870 1106 3948 destruxit,
1141 3879 1322 3954 terrasque

370 3969 462 4047 illas,
480 3969 613 4033 Karolo
637 3990 718 4053 rege
744 3971 903 4053 expulso,
930 3990 1188 4055 praeoccupans,
1210 3970 1321 4038 filium

370 4089 470 4134 sunm
526 4090 631 4133 manu
669 4071 886 4154 imperatoris
934 4071 1322 4154 Constantinopolitani,

370 4170 468 4251 cujus
497 4171 640 4235 consilio
669 4179 702 4234 et
734 4172 866 4236 auxilio
893 4173 1007 4236 omnia
1034 4171 1201 4254 praedicta
1229 4192 1320 4254 praa·
