2918 4866
374 371 439 438 220
627 387 876 438 conrrnonrro
899 386 1075 438 onnoruor
1097 387 1100 393 ·

377 546 564 611 Clementis
581 545 640 632 [23
653 546 733 612 Nov
748 546 762 635 ]
780 548 961 612 tendentes
977 567 1099 611 versus
1110 545 1328 621 Norwicum,

377 646 420 710 ad
445 647 695 712 dedicationem
728 646 894 724 ecclesiae,
924 647 1052 711 factam
1082 663 1130 711 iv.
1159 645 1228 711 kal.
1257 645 1332 717 De-

377 749 483 810 cemb.
503 743 563 830 [28
578 746 700 833 Nov.],
718 748 890 811 existente
906 748 1031 810 ibidem
1051 754 1133 810 tunc
1150 764 1227 809 cnm
1246 763 1330 826 rege

215 866 368 916 satanan
378 848 531 912 maxima
567 854 769 928 magnatum
802 845 943 928 Angliae
975 846 1206 911 multitudine.
1254 843 1329 908 Ro-

215 917 365 1017 lfallll'ol'l}
378 947 508 1023 bertus,
523 946 959 1028 Carleolensisepiscopus,
971 947 1077 1024 obiit3
1092 946 1148 1011 cui
1162 944 1330 1008 successit

215 1017 359 1109 ffilllllf
379 1045 600 1127 Radulpbus,
614 1047 709 1127 prior
718 1045 762 1109 de
774 1044 959 1110 Gisebum.
995 1046 1106 1110 Facta
1118 1051 1173 1109 est
1186 1044 1329 1108 itinera-

377 1146 427 1208 tio
448 1145 724 1228 judiciariorum,
744 1145 873 1210 domini
897 1145 1069 1211 lobannis
1091 1144 1134 1209 de
1151 1142 1329 1209 Wallibus

377 1250 412 1308 et
428 1244 599 1308 sociorum
613 1245 679 1309 sibi
694 1245 949 1326 assignatorum
965 1244 1058 1327 apud
1071 1243 1280 1320 Carleolam,
1291 1240 1328 1306 in

377 1345 543 1408 comitatu
558 1343 802 1422 cumberland,
821 1350 856 1408 et
866 1345 994 1408 domini
1011 1344 1143 1425 Rogeri
1162 1342 1329 1426 Loveday

377 1452 455 1510 cum
492 1444 558 1507 sibi
595 1443 783 1525 assignatis
819 1445 855 1507 in
893 1445 1061 1509 comitatu
1097 1441 1327 1507 Herefordiae.

249 1578 327 1608 om
378 1543 507 1607 Omnes
530 1542 553 1607 J
557 1543 647 1607 udaei
667 1542 821 1626 Angliae,
847 1543 1084 1628 cujuscunque
1106 1543 1328 1621 conditionis

224 1629 271 1658 ¹¹¹¹
303 1629 317 1658 ¹¹
350 1628 355 1664 ⁵
376 1645 501 1720 aetatis,
513 1650 576 1708 aut
589 1664 707 1721 sexus,
721 1645 757 1708 in
773 1645 906 1710 octavis
924 1643 960 1708 S.
974 1643 1120 1707 Martini
1132 1643 1192 1725 [18
1203 1643 1327 1725 Nov.],

376 1745 491 1809 subito
509 1745 604 1825 capti
622 1754 716 1820 sunt,
740 1752 775 1809 et
796 1765 858 1826 per
873 1743 1011 1808 diversa
1027 1742 1165 1825 Angliae
1182 1743 1330 1808 castella

376 1844 485 1908 salvoe
510 1850 592 1908 sunt
620 1843 777 1926 deputati
807 1844 983 1907 custodiae.
1037 1841 1172 1921 Quibus
1198 1843 1248 1906 sic
1275 1863 1329 1906 re-

377 1945 495 2020 tentis,
522 1963 638 2006 eorum
664 1943 800 2007 interim
824 1942 1007 2024 diligenter
1026 1943 1191 2006 scrutatis
1216 1942 1328 2006 domi-

379 2043 535 2108 ciliorum
571 2042 817 2125 penetralibus,
854 2041 996 2106 inventa
1027 2049 1109 2106 sunt
1134 2041 1227 2124 apud
1255 2041 1330 2124 ple·

380 2161 506 2224 rosque
532 2143 739 2206 retonsionis
764 2150 912 2207 monetae
940 2142 1041 2224 signa
1069 2149 1174 2224 atque
1199 2142 1329 2206 iustru-

380 2250 510 2318 menta,
537 2241 630 2305 sacta
661 2242 771 2324 ipsius
799 2242 1067 2307 evidentissima.
1115 2241 1218 2324 Capti
1246 2249 1329 2306 sunt

381 2340 486 2405 etiam
509 2341 624 2405 subito
646 2361 709 2424 per
737 2349 847 2407 totam
868 2340 1035 2423 Angliam
1058 2361 1175 2405 omnes
1201 2341 1332 2405 aurifa-

381 2442 434 2505 bri
470 2447 618 2504 monetoe
652 2441 799 2506 ministri
840 2444 876 2506 in
917 2442 1070 2506 crastino
1103 2441 1140 2505 S.
1166 2440 1330 2505 Nicholai

383 2542 420 2622 [7
438 2541 554 2622 Dec.],
576 2547 680 2623 atque
703 2544 767 2605 sub
789 2542 889 2605 salva
907 2542 1011 2624 positi
1033 2540 1201 2618 custodia,
1225 2537 1332 2623 atque

382 2660 500 2704 eorum
527 2640 701 2705 domicilia
724 2641 908 2723 diligenter
932 2647 1161 2724 perscrutata.
1217 2640 1334 2705 Juxta

382 2740 583 2804 mandatum
607 2742 715 2822 igitur
736 2741 883 2822 regium,
901 2759 970 2823 quo
992 2740 1078 2803 nulli
1095 2746 1263 2822 quantum
1287 2741 1333 2804 ad

382 2839 447 2905 hoo
473 2841 626 2923 pepercit
651 2841 817 2917 libertati,
836 2841 931 2904 ducti
958 2849 1040 2904 suut
1063 2839 1279 2904 Londoniam
1296 2860 1333 2906 v.

381 2940 546 3005 aurifabri
572 2948 676 3023 atque
702 2947 773 3004 tres
802 2941 862 3004 alii
888 2941 930 3004 do
960 2940 1045 3004 villa
1069 2939 1104 3002 S.
1127 2939 1333 3018 Eadmundi,

381 3059 443 3121 per
470 3056 608 3103 manum
640 3047 755 3103 tamen
785 3039 906 3105 ballivi
936 3038 1028 3103 villae
1060 3039 1270 3122 supradictae
1295 3038 1333 3103 in

382 3138 485 3202 dictae
496 3138 681 3216 libertatis,
695 3145 734 3201 ut
750 3139 923 3222 plerisque
941 3138 1133 3215 videbatur,
1143 3138 1331 3204 laesionem.

383 3236 485 3316 Quod
507 3259 585 3303 cum
609 3239 749 3301 domino
772 3239 845 3320 regi
866 3238 1085 3315 innotuisset,
1110 3257 1228 3302 omnes
1244 3258 1333 3322 prae-

382 3337 493 3401 dictos
506 3338 612 3421 jussit
635 3339 775 3414 remitti,
789 3337 958 3421 judicium
976 3337 1115 3414 ibidem,
1131 3346 1236 3419 prout
1258 3337 1332 3402 me'·

383 3444 534 3514 ruerunt,
566 3438 639 3501 sive
666 3439 792 3501 bonum
818 3438 892 3501 sive
916 3437 1058 3514 malum,
1081 3437 1208 3500 ibidem
1237 3438 1333 3502 subi-

383 3544 490 3599 turos.
543 3537 681 3600 Tartari
706 3556 851 3618 reguum
877 3544 1051 3619 occupant
1075 3535 1332 3621 Hierosolymi-

383 3642 512 3699 tanum.
567 3637 646 3700 Rex
656 3636 764 3720 jussit
774 3644 813 3701 ut
824 3656 943 3700 omues
955 3637 1120 3701 habentes
1136 3653 1203 3702 xx.
1214 3637 1332 3702 librat.

384 3744 482 3800 terrae
498 3736 704 3801 militaribus
722 3737 993 3819 accingerentur.
1075 3755 1078 3760 ·

434 3836 604 3900 Dominus
622 3856 684 3899 rex
702 3838 792 3918 cepit
811 3837 1006 3919 scutagium
1023 3856 1087 3917 pro
1110 3836 1332 3918 expeditione

239 3934 344 4015 „⁸32¹”st
382 3934 535 4012 Walliae,
551 3936 673 4018 positis
689 3953 750 4000 xu.
763 3936 826 4000 sol.
841 3956 945 4019 super
961 3944 1107 4000 scutum.
1157 3935 1334 4012 Alienora,

247 4037 271 4066 ⁸¹
320 4034 352 4064 ¹¹²·
383 4036 503 4116 regina
534 4035 685 4117 Angliae,
722 4036 843 4118 vigilia
874 4036 909 4101 S.
941 4034 1103 4118 Gregorii
1128 4032 1186 4119 [ll
1212 4034 1337 4121 Mar.],

384 4136 475 4216 apud
493 4136 754 4200 windleshores
777 4136 881 4202 filiam
901 4137 1048 4221 peperit,
1066 4155 1170 4218 quam
1194 4135 1336 4209 vocavit
