2918 4866
361 379 406 444 56
733 391 944 440 cunomcon

202 573 239 613 uo
279 570 337 610 aa
364 575 422 619 um
448 546 702 638 episcoporum,
731 554 909 629 abbatum,
935 562 971 616 et
1000 572 1182 635 procerum
1214 553 1312 636 regni

201 624 335 664 mmm
365 656 556 720 Lundoniae
577 656 613 718 in
632 654 763 736 palatio
780 653 872 734 regis
895 650 1007 716 factus
1023 659 1090 730 est,
1107 661 1142 718 et
1161 674 1224 736 per
1241 660 1312 718 tres

364 755 450 833 dics,
470 757 611 820 absente
625 752 792 818 Anselmo
808 754 1078 841 archiepiscopo,
1095 754 1311 836 interregem

366 863 401 921 et
423 857 603 939 episcopos
621 854 707 920 satis
729 862 844 919 actum
861 854 905 918 de
927 854 1149 918 ecclesiarum
1170 853 1314 919 investi·

366 957 465 1033 turiS,
491 955 697 1040 quibusdam
725 955 770 1018 ad
797 955 862 1018 hoc
893 955 1081 1019 nitentibus
1107 962 1147 1018 ut
1172 975 1227 1020 res
1253 975 1313 1020 eas

366 1057 496 1121 faceret
511 1075 606 1120 more
623 1055 733 1139 patris
750 1063 785 1118 et
802 1054 918 1119 fratris
934 1055 1001 1132 sui,
1015 1075 1084 1119 non
1102 1053 1210 1138 juxta
1223 1076 1314 1139 prae·

367 1164 505 1240 ceptum
520 1163 556 1221 et
570 1154 801 1220 obedientiam
816 1155 1017 1238 apostolici3
1041 1175 1121 1220 nam
1136 1176 1229 1239 papa
1245 1157 1314 1224 Pa·

367 1257 495 1323 schalis
517 1255 552 1320 in
573 1257 747 1321 sententia
768 1275 847 1339 quae
863 1256 943 1320 inde
961 1255 1183 1339 promulgata
1201 1257 1316 1323 fuerat

368 1357 488 1421 firmus
510 1364 620 1433 stane,
643 1363 861 1421 concesserat
873 1357 990 1421 omnia
1011 1375 1089 1439 quae
1100 1375 1193 1440 papa
1204 1357 1316 1422 Urba-

369 1477 433 1521 nus
445 1476 543 1542 aeque
558 1455 1091 1546 utinvestiturasinterdixerat:
1115 1477 1157 1521 ac
1171 1477 1233 1541 per
1249 1457 1315 1522 hoc

370 1578 485 1640 regem
502 1558 568 1621 sibi
583 1557 625 1621 de
646 1557 861 1621 investituris
884 1565 1153 1622 consentaneum
1174 1557 1314 1624 fecerat.

370 1658 518 1735 Dehinc,
539 1664 707 1741 praesente
724 1655 901 1736 Ansclmo,
924 1664 1060 1722 astante
1086 1657 1316 1737 multitudine,

370 1759 494 1823 annuit
519 1779 580 1823 rex
604 1766 639 1824 et
664 1758 800 1836 statuit,
825 1765 866 1823 ut
887 1759 931 1823 ab
957 1777 999 1823 co
1023 1765 1177 1841 tempore
1201 1760 1239 1823 in
1264 1780 1316 1824 re·

367 1859 515 1942 liquum‚
531 1878 707 1941 nunquam
725 1878 787 1942 per
801 1858 976 1923 dationem
996 1857 1109 1922 baculi
1130 1858 1316 1941 pastoralis

369 1961 426 2024 ‚vel
448 1959 567 2023 annuli
587 1960 769 2042 quisquam
796 1959 838 2022 de
862 1959 1064 2042 episcopatu
1088 1965 1149 2023 aut
1174 1959 1317 2024 abbatia

370 2079 432 2142 per
470 2079 587 2140 regem
617 2059 673 2123 vel
709 2059 899 2142 quamlibet
936 2059 1062 2123 laicam
1099 2077 1239 2123 manum
1280 2061 1316 2125 in

370 2157 750 2240 Angliainvestiretur;
769 2158 976 2224 eoncedente
987 2177 1125 2243 quoque
1137 2157 1315 2237 Ansclmo,

369 2265 410 2322 nt
437 2258 552 2322 nullus
580 2259 615 2322 in
647 2258 884 2341 praelationem
910 2259 1050 2325 electus¹
1069 2280 1132 2343 pro
1164 2259 1316 2326 hominio

372 2358 464 2441 quod
487 2359 560 2440 regi
577 2358 717 2435 faceret,
733 2361 990 2425 consecratione
1010 2360 1162 2443 suscepti
1176 2360 1316 2427 honoris

160 2446 164 2452 ’
209 2475 358 2524 cethuram·
372 2460 578 2540 privaretur.
640 2457 817 2524 Gerardus
835 2460 1065 2524 Eboracensis
1087 2460 1316 2543 archiepisco-

208 2529 232 2568 οἰ
241 2528 300 2567 York
307 2536 355 2577 pro·

205 2579 335 2678 pggffi
374 2579 439 2642 pus
458 2578 523 2624 sua
546 2579 651 2625 manu
673 2560 836 2643 imposita
864 2562 981 2625 manui
1006 2559 1174 2639 Anselmi,
1188 2568 1227 2626 ut
1241 2562 1316 2645 ipse

208 2680 352 2723 oneratae
374 2658 525 2737 volebat,
550 2653 755 2743 interposita
783 2659 850 2726 fide
880 2681 970 2738 sua,
984 2661 1158 2744 pollicitus
1187 2668 1251 2739 est,
1277 2683 1317 2728 se

207 2731 346 2834 bffiffbffly.
373 2760 514 2824 eandem
532 2761 780 2845 subjectionem
801 2768 836 2826 et
852 2762 1082 2826 obedientiam
1096 2762 1163 2844 ipsi
1185 2768 1221 2826 et
1236 2781 1314 2826 suc·

372 2861 565 2925 cessoribus
589 2861 665 2945 ejus
685 2862 722 2925 in
747 2861 1046 2945 archiepiscopatu
1070 2861 1315 2941 exhibiturum,

373 2981 476 3042 quam
496 2961 530 3024 H
535 2961 743 3026 erefordensi
758 2961 911 3027 ecclesiae
926 2963 968 3026 ab
984 2982 1025 3026 eo
1042 2962 1231 3026 sacrandus
1245 2963 1315 3047 epi,

208 3078 358 3140 coeperitne
372 3079 498 3143 scopus
520 3062 570 3125 illi
592 3063 809 3145 promiserat.
862 3061 1058 3127 Willelmus
1072 3061 1316 3140 Wintoniensi,

207 3129 330 3182 ‘'mm''
372 3159 533 3242 Rogerus
565 3161 852 3244 Searesbyriensi,
886 3162 1112 3244 Reignelmus
1150 3162 1315 3228 Herefor-

370 3258 479 3338 densi,
502 3260 698 3327 Willelmus
725 3260 960 3339 Excestrensi‚
983 3270 1016 3327 et
1043 3262 1205 3327 Urbanus
1229 3263 1316 3328 Gla-

370 3361 582 3442 morgatensi
601 3359 766 3438 ecclesiae,
785 3381 863 3445 quae
888 3362 925 3426 in
940 3361 1105 3427 Walonia
1129 3371 1194 3441 est,
1215 3364 1317 3429 electi

370 3461 535 3544 episcopi,
552 3461 655 3524 simul
680 3459 914 3527 Cantwariam
941 3468 1121 3541 venerunt,
1144 3464 1236 3528 etin
1259 3465 1316 3528 die

370 3560 564 3636 Dominica,
582 3581 660 3644 quae
683 3560 750 3625 fuit
765 3578 819 3626 111.
842 3560 921 3625 idus
945 3562 1099 3645 Augusti
1116 3564 1174 3644 [ll
1192 3561 1318 3647 Aug.],

368 3659 499 3741 pariter
513 3661 557 3724 ab
581 3660 747 3725 Ansclmo
764 3663 957 3726 consecrati
979 3672 1073 3740 sunt,
1090 3664 1315 3731 ministranti·
1348 3736 1353 3747 .

340 3780 343 3786 ·
368 3760 433 3823 bus
454 3761 519 3823 sibi
543 3763 579 3825 in
602 3761 665 3826 hoc
689 3759 800 3826 officio
823 3762 1051 3844 suffraganeis
1073 3763 1183 3845 ipsius
1211 3764 1316 3842 sedis,

368 3858 537 3938 Gerardo,
556 3862 698 3938 scilicet,
716 3861 975 3945 archiepiscopo
991 3863 1315 3941 Eboracensi„Rot·

366 3961 464 4024 berto
475 3961 696 4038 Lincoliensi‚
706 3961 864 4031 Johanne
874 3962 1110 4042 Bathoniensi,
1119 3963 1316 4030 Hereberto

367 4058 634 4140 Northwicensi,
658 4062 830 4127 Rotberto
863 4061 1050 4140 cestrensi,
1075 4063 1228 4129 Radulfo
1256 4064 1313 4128 Ci-

365 4163 541 4241 cestrensi,
592 4163 803 4245 Rannulpbo
851 4163 1114 4230 Dunholmensi.
1183 4163 1313 4231 Nullus
