2918 4866
390 408 583 456 snonnnrn
609 407 891 456 wreourunnsrs.
1047 394 1114 458 275

163 581 339 641 corruens,
365 567 525 648 spiritum
556 566 704 645 efflavit3
740 566 921 648 elatusque
945 573 998 630 est
1019 569 1110 649 apud

162 661 326 727 Sanctum
349 665 510 741 Paulum,
529 673 565 730 et
594 667 639 730 ad
664 674 782 749 patres
806 685 888 730 suos
918 670 1110 749 appositus.

162 761 368 842 Wallenses,
385 773 521 848 tempus
545 776 667 848 aptum
690 774 725 830 et
747 773 979 848 opportunum
1002 787 1039 831 se
1056 769 1109 831 in·
1123 785 1269 875 qeeqpqphor

160 864 297 927 venisse
322 866 542 942 arbitrantes,
567 867 654 930 duee
677 867 825 949 quodam
851 867 1039 932 Mereduco
1065 870 1108 932 ab
1244 866 1249 877 ’

162 961 339 1040 Lewelini‚
358 966 432 1046 regi
451 965 590 1047 Angliae
608 967 692 1031 iacti
706 967 864 1041 rebelles,
883 975 918 1030 et
935 967 1108 1032 Snowdon

158 1062 375 1141 invadentes,
410 1066 538 1130 multos
571 1067 613 1130 de
648 1067 739 1148 regis
769 1066 908 1148 Angliae
949 1067 1108 1130 fidelibus

158 1162 283 1226 ibidem
310 1166 470 1230 inventos
502 1166 776 1244 trucidaverunt,
803 1177 838 1230 et
864 1167 953 1231 male
976 1174 1106 1230 tracta·

159 1270 295 1340 verunt,
323 1267 469 1330 castella
494 1267 749 1343 subverterunt,
778 1266 914 1348 aliaque
942 1266 1106 1330 deformia

159 1371 195 1425 et
212 1366 375 1440 enormia,
398 1367 433 1428 in
457 1373 691 1448 contemptum
706 1374 742 1429 et
757 1366 974 1446 dispendium
996 1366 1106 1448 ipsius

158 1464 262 1543 regis,
293 1484 362 1546 ‚per
396 1472 504 1529 totam
542 1466 704 1529 Walliam
738 1466 871 1547 operati
909 1474 1000 1529 sunt.
1063 1467 1106 1530 In
1119 1481 1242 1533 Asuuiu-

157 1565 307 1628 crastino
326 1565 361 1628 S.
378 1565 522 1628 Martini
547 1560 609 1652 [12
625 1560 754 1654 Nov.],
773 1564 864 1647 apud
881 1564 1105 1630 Wcstmona·

156 1663 296 1726 sterium
324 1684 489 1728 concessa
510 1673 564 1729 est
587 1666 660 1746 regi
687 1685 709 1728 a
731 1665 860 1748 populo
881 1665 996 1729 laicali
1018 1666 1106 1730 dena

157 1763 309 1826 omniurn
336 1766 502 1829 bonorum
528 1785 667 1828 suorum
693 1766 730 1828 in
755 1765 946 1828 subsidium
970 1785 1104 1846 guerrae

157 1879 242 1939 suae,
261 1872 333 1927 tam
349 1864 494 1929 Gallicae
509 1885 612 1947 quam
626 1864 796 1929 Wallicae.
849 1865 892 1927 In
905 1865 1104 1929 civitatibus

156 1980 250 2038 vero,
276 1965 405 2046 burgis,
432 1965 579 2047 aliisque
604 1965 697 2046 regis
723 1964 883 2028 dominiis
907 1964 1103 2029 habitantes

155 2061 199 2123 ad
218 2072 366 2142 sextum,
383 2065 510 2146 aliique
528 2072 736 2128 mercatores
753 2064 835 2128 alibi
853 2072 1103 2129 commorantes

156 2162 200 2224 ad
229 2165 425 2244 septimum,
451 2165 678 2229 communitas
699 2184 782 2227 vero
812 2164 946 2246 reliqua
972 2165 1016 2227 ad
1043 2166 1102 2229 de·

156 2260 281 2326 cimum
314 2266 427 2328 taxati
458 2273 539 2329 sunt
568 2265 758 2328 denarium.
811 2262 908 2328 Villa
934 2265 1038 2327 etiam
1066 2263 1101 2330 S.

156 2360 351 2427 Eadmundi
366 2365 401 2427 in
416 2384 487 2446 qua
498 2365 666 2428 hactenus
681 2364 797 2427 nullus
814 2364 970 2427 minister
985 2363 1101 2444 regius

156 2479 177 2523 a
203 2469 358 2545 tempore
380 2465 579 2529 libertatum
601 2465 712 2545 primo
738 2462 837 2527 nobis
860 2481 1100 2526 concessarum

154 2561 306 2643 aliquam
349 2584 509 2628 exercere
560 2565 779 2646 praesumpsit
811 2563 1100 2646 jurisdictionem,

155 2681 216 2743 per
238 2682 435 2727 communes
458 2665 582 2746 patriae
610 2670 789 2728 taxatores
811 2663 847 2725 in
870 2661 1015 2736 Tolhus,
1039 2681 1100 2743 pu-

156 2761 245 2825 blico
272 2763 432 2827 videlicet
450 2764 542 2827 villae
564 2764 651 2839 loco,
675 2763 877 2840 residentes,
895 2768 930 2825 et
952 2763 1100 2842 burgen·

155 2863 249 2925 sibus
260 2863 389 2946 juratis
416 2863 582 2927 articulos
602 2863 857 2938 contradentes,
878 2868 931 2925 est
955 2869 1100 2940 taxata;

154 2981 176 3024 a
191 2982 335 3043 quorum
361 2965 606 3027 communitate
629 2963 816 3026 servientes
840 2970 976 3026 nostros
991 2981 1102 3044 neque

155 3080 255 3142 prece
285 3082 397 3144 neque
427 3064 551 3146 pretio,
578 3062 665 3145 proh
699 3062 808 3138 dolor,
837 3061 1011 3124 ullatenus
1040 3081 1101 3143 po-

155 3161 282 3225 tuimus
299 3162 471 3229 vellicare.
524 3163 581 3226 Sic
599 3169 715 3226 tamen
726 3143 870 3244 'quievit
890 3179 958 3237 reS,
974 3168 1013 3224 ut
1038 3180 1102 3242 pro

154 3269 309 3343 tempore
342 3263 468 3339 futuro,
496 3270 663 3346 quantum
695 3262 740 3324 ad
766 3262 942 3325 libertates
965 3266 1101 3323 nostras

153 3359 215 3424 has
248 3370 282 3426 et
308 3362 395 3426 alias
420 3364 588 3428 hactenus
620 3363 757 3426 habitas
788 3368 823 3424 et
850 3361 1010 3436 usitatas,
1041 3379 1103 3440 per

154 3459 218 3524 hoc
234 3462 269 3524 in
285 3471 463 3544 posterum
485 3482 706 3545 nequaquam
728 3461 880 3543 aliquale
897 3461 996 3525 nobis
1011 3479 1101 3541 prae·

149 3559 318 3641 judicium
345 3572 551 3644 generetur;
587 3569 622 3626 et
646 3582 749 3644 super
772 3561 850 3638 hoo,
878 3567 976 3625 carta
1003 3560 1102 3623 nobis

152 3679 317 3726 concessa
338 3671 390 3727 est
413 3663 585 3745 specialis.
641 3662 827 3725 Exercitus
853 3660 988 3724 navalis
1011 3660 1102 3740 regis

127 3758 292 3842 0Angliae
317 3782 427 3845 nuper
455 3763 666 3842 Gasconiam
692 3763 855 3837 directus,
885 3758 1037 3825 castellis
1068 3765 1103 3821 et

152 3862 253 3923 terris
287 3862 462 3944 aliquibus
490 3863 635 3926 viriliter
678 3863 790 3944 captis
828 3868 863 3923 et
894 3856 1102 3942 subjugatis,

152 3960 355 4026 mirabiliter
381 3963 417 4025 in
439 3964 536 4026 brevi
563 3962 794 4043 profecerunt.
849 3959 928 4024 Rex
950 3958 1103 4040 Angliae‚

150 4059 185 4120 in
210 4063 429 4143 expeditione
453 4081 517 4126 sua
541 4061 704 4136 Wallica,
735 4060 828 4143 apud
853 4057 1102 4123 Aberconewei

154 4157 282 4224 Natale
300 4161 442 4224 Domini
459 4162 656 4226 celebravit.

878 4283 927 4326 r2
