2918 4866
390 397 581 463 rnonnnrn
610 412 892 474 wrconnrunsrs.
1049 398 1115 463 133

163 579 202 636 ut
225 591 302 635 eum
330 591 394 637 suo
419 575 549 638 arctius
576 574 720 639 vinciret
745 572 945 650 ministerio,
968 573 1113 638 comita-

162 679 235 736 tum
251 674 283 736 ei
298 672 588 738 Herefordensem
605 684 686 738 tunc
702 675 748 738 ibi
766 675 879 756 posita
893 693 956 755 pro
974 692 1110 755 magnae

161 774 449 838 remunerationis
465 775 612 838 contulit
628 775 783 858 praemio.
827 773 915 837 Inde
927 772 1003 856 jam
1018 774 1108 837 mili·
1121 789 1251 839 sheroento

1121 840 1260 889 winchester,

163 879 236 936 tum
258 875 387 938 virtute
405 875 567 938 roborata
584 882 620 938 et
634 894 790 951 numero,
808 873 1107 956 appropinquante
1119 892 1162 980 apd
1174 892 1272 982 naurie-

161 971 350 1037 festivitate
368 973 486 1038 Sancti
506 973 615 1051 Petri,
637 995 715 1057 quae
737 975 863 1038 dicitur
881 973 924 1038 ad
943 945 1127 1052 Vincula,t
1144 951 1198 982 ⁰⁰⁸⁸
1217 953 1236 984 θ’

162 1073 199 1153 [1
214 1072 322 1155 Aug]
343 1074 527 1155 ignorante
550 1074 655 1138 fratre
679 1094 753 1151 suo,
772 1074 897 1139 comite
918 1073 1105 1140 Bricstow-

159 1175 243 1249 ensi,
258 1173 533 1239 Wintoniensem
556 1175 652 1238 venit
674 1175 718 1239 ad
741 1177 872 1250 urbem,
894 1174 955 1238 sed
977 1193 1053 1237 eam
1084 1194 1106 1239 a

159 1290 197 1336 sc
213 1272 288 1357 jam
308 1274 495 1339 alienatam
517 1275 706 1352 inveniere,
726 1275 762 1338 in
787 1273 931 1339 castello
952 1275 1106 1357 suscepit

159 1371 357 1456 hospitium.
423 1373 532 1458 Cujus
563 1374 780 1457 inopinatum
807 1374 995 1438 adventum
1022 1375 1268 1481 civi-gfflghtortne

158 1473 241 1538 tatis
265 1473 417 1558 ejusdem
451 1475 633 1556 episcopus
662 1474 836 1538 Henricus
866 1473 1022 1549 miratus,
1052 1474 1104 1536 in·
1164 1452 1198 1491 ⁰⁹⁹

157 1571 269 1654 deque
287 1573 507 1638 vehementer
527 1574 700 1650 turbatus,
722 1593 784 1655 per
805 1573 908 1637 aliam
925 1573 1104 1654 egrediens

156 1681 305 1754 portam,
322 1693 398 1738 sese
421 1682 505 1738 tunc
522 1681 557 1737 et
579 1673 741 1755 deinceps
763 1673 1006 1755 conspectibus
1027 1674 1103 1757 ejus

157 1773 362 1838 absentavit.
416 1773 511 1837 Hinc
529 1773 604 1858 jam
627 1773 807 1838 discordiis
832 1773 868 1836 in
897 1771 1103 1836 alterutrum
1115 1789 1254 1830 numentano

156 1873 469 1956 prorumpentibus,
490 1870 617 1938 civitas
629 1872 795 1955 opulenta
815 1877 850 1936 et
873 1872 992 1935 multis
1009 1882 1101 1936 retro
1115 1841 1249 1980 ἷξὲἑῖἒῖῗιιο

155 1979 236 2037 ante
269 1974 395 2037 seculis
430 1973 593 2056 gloriosa,
629 1981 665 2038 et
693 1973 851 2037 omnibus
884 1971 985 2035 terris
1018 1951 1125 2037 notac
1143 1951 1164 1990 γ’

155 2079 261 2155 atque
288 2073 433 2150 famosa,
468 2072 647 2155 repentina
681 2073 871 2149 obsidione,
901 2073 1101 2154 parentibus

156 2190 273 2236 secum
291 2174 335 2238 ad
353 2173 500 2237 invicem
515 2173 840 2254 compugnantibus,
857 2172 1102 2251 circumdatur,

155 2273 258 2336 rebus
290 2279 326 2338 et
354 2273 549 2337 hominibus
580 2273 790 2350 exinanitur,
821 2272 987 2337 militibus
1023 2293 1100 2355 gre-

155 2373 261 2452 gariis
277 2381 312 2437 et
333 2373 550 2438 conductitiis
569 2373 605 2435 in
628 2373 693 2437 boc
714 2374 940 2456 spirantibus
962 2380 998 2437 et
1017 2373 1100 2437 furi·

153 2473 266 2537 hunde
289 2473 367 2536 binc
388 2472 467 2536 inde
486 2472 757 2537 convolentibus.
811 2473 886 2538 Nec
907 2473 971 2537 boc
987 2474 1242 2540 solumbonum

1112 2542 1179 2579 burno
1187 2551 1201 2578 a

152 2572 416 2654 pontificisirae
443 2573 557 2655 potuit
581 2572 748 2652 sufficere,
776 2575 860 2656 quin
885 2573 1027 2654 insuper
1056 2574 1227 2680 obrffitrqt

154 2682 319 2737 terrorem
349 2673 423 2737 sive
453 2673 629 2738 horrorem
657 2673 726 2737 illis
756 2671 1002 2749 incutiendum,
1035 2652 1124 2735 im-⁰
1167 2651 1236 2691 ’Μ’

151 2772 256 2838 misso
277 2775 359 2856 igne
382 2775 500 2837 urbem
524 2780 634 2837 totam
662 2774 873 2848 comburere,
898 2771 1015 2835 surore
1041 2792 1098 2837 co-

152 2880 268 2953 gente,
291 2875 454 2938 decrevit.
507 2872 610 2952 Quod
636 2879 672 2936 et
699 2872 791 2936 iecit.
843 2871 1018 2954 Siquidem
1043 2891 1098 2934 se-

145 2973 263 3037 cundo
278 2974 333 3037 die
347 2973 474 3037 mensis
490 2973 642 3054 Augusti
658 2973 748 3054 ignis
763 2972 897 3036 civitati
913 2971 1099 3049 immissus,

150 3075 398 3138 monasterium
417 3071 730 3137 sanctimonialium
752 3090 829 3135 cum
845 3073 916 3135 suis
934 3071 1097 3148 adificiis,

150 3173 313 3236 ecclesias
336 3172 414 3255 plus
439 3189 500 3238 xn.
516 3193 595 3237 cum
617 3172 742 3255 majori
763 3191 825 3236 seu
848 3170 981 3235 meliori
997 3178 1098 3253 parte

149 3273 314 3350 civitatis,
336 3279 511 3355 postremo
530 3273 726 3337 coenobium
746 3270 1003 3347 monachorum,
1019 3271 1097 3334 Deo

149 3379 185 3434 et
223 3371 352 3436 Sancto
387 3371 588 3436 Grimbaldo
623 3371 876 3447 famulantium,
909 3390 988 3434 cum
1025 3370 1096 3434 suis

149 3470 281 3535 aedibus
306 3472 441 3554 redegit
464 3472 499 3535 in
521 3473 664 3536 cineres.
710 3471 797 3535 Erat
819 3471 854 3534 in
870 3470 936 3535 hac
951 3470 1230 3535 ecclesianmamn.

149 3568 266 3635 Sancti
282 3570 476 3636 Grimbaldi
491 3591 579 3636 crux
590 3591 729 3654 magna,
746 3591 830 3634 crux
847 3578 981 3647 sancta,
992 3569 1095 3654 jussu
1166 3558 1169 3564 ’

148 3671 240 3752 regis
256 3671 384 3736 Canuti
404 3672 532 3735 dudum
556 3670 737 3748 fabricata,
754 3677 789 3735 et
813 3672 856 3735 ab
873 3671 992 3735 eodem
1009 3689 1095 3734 auro

147 3778 182 3834 et
198 3781 355 3852 argento,
378 3772 522 3854 gemmis
545 3778 579 3835 et
601 3771 774 3853 lapidibus
796 3771 956 3853 pretiosis
973 3772 1096 3834 decen·

148 3870 280 3935 tissime
302 3871 482 3937 adornata.
536 3869 624 3935 Haec
642 3871 717 3954 jam
740 3870 804 3933 sibi
830 3871 1096 3952 approximante

146 3969 316 4047 incendio,
334 3971 425 4053 quod
447 3971 569 4035 mirum
593 3971 687 4035 dictu
705 3976 770 4046 est,
793 3970 894 4051 quasi
916 3969 1095 4033 imminens

147 4070 212 4133 sibi
231 4071 457 4153 praesentiens
481 4071 682 4154 periculum,
704 4070 917 4133 intuentibus
940 4070 999 4151 qni
1014 4069 1096 4131 ade·

147 4178 226 4235 rant
255 4171 432 4249 iratribus
459 4173 567 4254 coepit
589 4169 726 4247 sudare,
757 4169 961 4251 nigrescere,
992 4169 1096 4233 immo
