2918 4866
387 396 581 443 unonnuru
611 397 889 446 wrconurnusm.
1065 382 1110 446 37

155 545 294 610 landum
311 548 517 632 Wigornam
540 569 725 634 properare
746 550 934 615 mandavit.
988 550 1110 616 Annu-

156 647 224 709 lum
243 649 348 712 etiam
364 670 442 714 cum
458 670 526 734 quo
541 651 774 733 pontificalem
789 659 989 734 susceperat
1004 655 1106 718 hene-

156 747 348 828 dictionem,
371 753 538 816 neminem
564 752 661 816 Deus
685 771 810 835 passus
833 760 886 816 est
910 753 1018 834 digito
1045 775 1106 818 ex·

155 848 302 927 trahere,
329 871 371 915 ne
393 859 473 934 post
498 859 644 917 mortem
673 854 727 916 vir
749 860 890 917 sanctus
913 873 994 917 suos
1010 856 1105 919 vide-

154 956 250 1012 retur
271 950 402 1027 fallere,
428 954 553 1035 quibus
577 952 789 1035 praedixerat
814 953 1014 1035 saepissime,
1042 975 1105 1020 nec

153 1048 251 1113 illum
284 1053 357 1116 vita
382 1054 507 1118 comite
544 1072 582 1118 se
605 1054 695 1118 velle
725 1053 878 1136 perdere,
905 1073 967 1117 nec
1000 1056 1105 1119 etiam

154 1151 341 1232 sepulturae
356 1172 429 1217 suae
445 1154 511 1219 die.
564 1153 680 1218 Pridie
696 1175 775 1219 non.
793 1153 923 1237 Aprilis
937 1155 975 1236 [4
989 1153 1104 1238 Apr.],

154 1250 189 1312 in
213 1259 314 1316 nocte
328 1253 412 1318 visae
435 1262 517 1319 sunt
539 1255 647 1319 stellae
672 1256 772 1337 quasi
797 1257 839 1320 de
863 1255 951 1318 coelo
969 1256 1102 1323 cadere.

156 1350 346 1430 WalteruS,
364 1352 565 1419 Albinensis
583 1357 776 1438 episcopus,
800 1356 835 1419 S.
853 1356 1022 1420 Romanae
1049 1376 1104 1421 ec·
1117 1386 1235 1429 immor

154 1450 268 1516 clesiae
302 1453 450 1536 legatus,
479 1458 523 1520 ah
559 1455 702 1520 Urbano
730 1475 821 1538 papa
852 1457 991 1534 missus,
1025 1440 1266 1531 antellllilnlpt.

155 1550 293 1617 Pascha
311 1557 402 1619 venit
419 1554 595 1638 Angliam,
614 1557 757 1638 pallium
774 1575 837 1639 pro
855 1576 923 1638 quo
941 1577 1004 1620 rex
1016 1556 1105 1621 Wil-
1117 1540 1250 1640 ξέξξῗᾶῗο

153 1650 277 1718 lelmus
307 1675 397 1719 anno
426 1656 633 1738 praecedenti
659 1657 811 1731 miserat,
844 1656 895 1719 illi
922 1656 1077 1721 deferens
1092 1684 1101 1733 ;
1117 1641 1199 1732 321¹&oe
1207 1641 1250 1681 *¹*

153 1754 245 1834 quod
265 1755 372 1839 juxta
397 1757 593 1822 condictum
620 1757 674 1820 die
702 1756 896 1834 Dominica,
924 1775 1002 1838 quae
1030 1765 1105 1822 erat

155 1859 206 1914 1v⁰
230 1854 307 1920 idus
325 1856 348 1921 J
352 1858 422 1920 unii
447 1859 506 1942 [10
523 1857 636 1938 Jun.],
660 1858 704 1921 ah
730 1856 850 1920 eodem
871 1855 1104 1921 Cantwariam

154 1973 259 2036 super
295 1958 404 2021 altare
441 1958 634 2022 Salvatoris
663 1958 826 2034 delatum,
857 1957 900 2020 ab
938 1955 1104 2022 Anselmo

153 2065 370 2139 assumptum
387 2065 451 2132 est,
466 2066 570 2141 atque
593 2059 637 2121 ah
661 2059 818 2122 omnibus
832 2077 895 2141 pro
912 2060 1105 2123 reverentia

153 2155 188 2218 S.
218 2156 315 2220 Petri
345 2159 548 2242 suppliciter
575 2159 824 2223 deosculatum.
876 2157 943 2221 Vir
968 2177 1103 2240 magnae
1117 2181 1198 2221 nosen
1211 2182 1247 2232 up.

153 2257 343 2338 religionis,
355 2259 620 2340 Herefordensis
636 2261 822 2342 episcopus·
837 2259 1040 2336 Rothertus,
1057 2277 1102 2324 vr.
1116 2232 1257 2323 ilfh‘efmd'

154 2355 225 2421 kal.
243 2359 266 2422 J
269 2359 330 2422 ulii
354 2356 413 2443 [26
422 2361 537 2441 Jun.],
560 2361 647 2424 feria
667 2359 733 2423 111.1
752 2361 847 2424 obiit.
899 2359 998 2440 'Huic‘
1014 2380 1102 2444 prae·

152 2457 264 2521 dictus
300 2459 540 2542 Wigornensis
576 2462 760 2544 episcopus
784 2461 1002 2537 WulstanuS,
1040 2463 1101 2525 tri-

153 2560 281 2623 cesimo
310 2561 365 2624 die
396 2569 582 2645 postquam
610 2563 654 2626 de
686 2561 751 2626 hoc
779 2562 897 2626 seculo
928 2563 1102 2643 migravit,
1117 2584 1221 2625 muron.

151 2658 265 2722 denuo
281 2660 317 2723 in
332 2662 462 2726 visione
478 2663 651 2745 apparuit,
670 2682 817 2744 eumque
835 2682 898 2745 pro
916 2663 971 2724 sui
992 2663 1102 2743 negli-.

152 2761 269 2840 gentia
295 2768 331 2824 et
351 2762 492 2843 ignavia
516 2765 641 2827 acriter
662 2764 839 2845 corripuit,
855 2762 1102 2844 admonuitque

151 2866 223 2923 tam
249 2861 291 2924 de
313 2881 386 2925 suae
411 2864 492 2928 vitae
510 2883 615 2945 quam
637 2865 703 2927 sihi
726 2862 958 2946 subjectorum
972 2882 1101 2925 emen-

150 2960 298 3040 datione,
329 2982 433 3044 quam
464 2964 725 3046 vigilantissime
762 2971 890 3045 posset,
923 2962 1099 3042 'studeret3

152 3062 245 3143 quod
273 3063 303 3126 si
329 3063 470 3142 faceret,
494 3065 629 3128 dicebat
654 3084 731 3127 eum
753 3064 905 3127 omnium
929 3063 1101 3144 peccami-

151 3181 235 3225 num
265 3181 286 3225 a
316 3167 393 3230 Deo
421 3185 523 3248 posse
548 3166 683 3229 veniam
707 3165 775 3229 cito
800 3164 1007 3246 promereri;
1039 3161 1100 3225 ad-

146 3261 335 3346 junxitque
364 3267 455 3348 quod
487 3286 555 3330 non
582 3266 640 3328 diu
665 3265 700 3327 in
730 3263 895 3328 cathedra
922 3283 991 3346 qua
1017 3270 1101 3327 tunc

150 3367 303 3444 sedebat,
320 3366 436 3429 sedem
453 3366 607 3442 haberet,
630 3367 689 3429 sed
713 3365 841 3440 secum,
859 3364 888 3426 si
904 3362 1103 3444 vigilantior

151 3487 226 3531 esse
243 3468 357 3545 vellet,
375 3486 492 3531 coram
516 3468 592 3530 Deo
615 3466 792 3530 convivari
808 3465 957 3528 deberet.
999 3462 1101 3527 ·Fue-

151 3577 231 3633 rant
252 3571 341 3633 enim
364 3569 399 3631 hi
422 3570 522 3631 ambo
546 3574 661 3650 patres
683 3567 789 3629 nimia
811 3565 956 3628 caritate
977 3563 1012 3625 in
1036 3563 1103 3627 Dei

153 3669 344 3746 dilectione,
370 3677 405 3734 et
431 3669 473 3733 ad
498 3669 704 3732 seinvicem
731 3665 930 3749 conjuncti3
955 3663 1102 3746 ideoque

153 3772 244 3835 credi
268 3771 322 3834 fas
347 3778 411 3845 cst,
434 3772 547 3852 ipsum
574 3769 633 3850 qui
654 3768 749 3849 prius
767 3765 809 3828 de
832 3763 1034 3828 hocseculo
1058 3764 1100 3828 ad

153 3873 264 3937 Deum
296 3871 470 3952 migravit,
496 3867 748 3934 solicitudinem
775 3866 886 3946 egisse
925 3865 980 3927 sui
1018 3863 1102 3928 dile-

153 3975 307 4050 ctissimi,
326 3991 428 4055 quem
446 3971 481 4033 in
498 3970 563 4033 hoc
589 3968 705 4032 seculo
722 3966 872 4048 reliquit,
888 3975 923 4028 et
938 3974 976 4028 ut
998 3984 1102 4045 quam

152 4074 251 4137 citius
278 4073 381 4138 simul
408 4080 489 4134 ante
518 4071 629 4133 Deum
657 4068 861 4158 gauderent
877 4085 1017 4147 operam
1044 4063 1102 4126 de-

155 4175 1106 4197 Μ

263 4252 266 4258 ’
293 4224 300 4254 ¹
319 4228 375 4292 ιιι]
393 4227 427 4276 80
438 4227 469 4276 h.
483 4227 614 4286 correctly.
652 4226 682 4274 G.
694 4222 856 4281 erroneously
867 4221 913 4269 hae
926 4233 961 4268 ιν.
