2918 4866
371 401 435 464 100
620 414 868 462 courrnurrro
892 410 1069 459 canorum

372 571 426 634 sui
455 588 540 634 auro
564 570 798 652 praestantior.
852 568 1047 651 Imperialis
1071 568 1320 633 tamen'subli-

371 672 486 747 miras,
504 677 544 733 ut
561 669 703 752 dignum
725 677 761 734 et
778 670 914 753 justum
937 676 1002 746 est,
1021 670 1114 733 omni
1138 670 1242 750 regiae
1268 669 1319 731 di-

372 771 498 852 gnitati
521 778 665 852 praestat
681 771 716 834 in
741 771 910 834 omnibus
962 769 1076 834 Ambo
1101 770 1223 833 Romae
1240 789 1322 832 con-

371 873 523 936 stituunt
538 872 719 954 episcopos
740 872 1000 953 episcoporum:
1026 869 1211 933 Letharius
1231 869 1320 933 Gre-

372 972 507 1053 gorium
525 972 690 1034 canonice
714 971 873 1047 electum,
890 970 1066 1050 Rogerius
1084 960 1190 1033 Petro
1211 969 1319 1033 Leoni

373 1070 542 1135 Romanae
567 1073 661 1134 urbis
685 1070 857 1134 concessit
873 1079 1052 1152 papatum.
1104 1069 1238 1133 Verum
1257 1069 1322 1134 hac

371 1171 462 1234 inter
487 1189 546 1234 eos
573 1170 787 1234 dissensione
810 1169 1034 1234 cardinalium
1059 1169 1259 1233 auctoritati
1288 1177 1333 1234 et·

371 1270 599 1353 praefectoriae
616 1271 776 1352 dignitati
797 1270 1008 1351 displicente,
1025 1284 1142 1334 amore
1165 1266 1322 1352 pecuniae

372 1389 464 1434 nunc
474 1369 682 1450 Gregorium
692 1373 728 1434 in
740 1371 836 1435 Petri
848 1370 1064 1452 expulsione,
1075 1389 1165 1433 nunc
1178 1370 1320 1433 Petrum

372 1472 408 1534 in
427 1470 588 1551 Gregorii
606 1471 817 1547 exclusione,
835 1472 870 1533 in
889 1469 1116 1551 apostolicam
1138 1470 1253 1533 sedem
1269 1490 1323 1535 re-

373 1572 516 1653 cipiunt.
568 1571 789 1636 Constitutus
818 1571 966 1652 deniqne
991 1589 1012 1632 a
1038 1570 1204 1634 Lethario
1233 1569 1323 1634 Gre-

373 1672 491 1753 gorius
531 1672 756 1756 apostolicam
794 1671 884 1751 regit
922 1670 1049 1734 sedem.
1120 1671 1260 1734 Electus
1300 1690 1322 1734 a

374 1770 541 1853 Rogeri0‚
566 1773 662 1837 velut
680 1773 769 1835 alter
790 1787 895 1853 papa,
915 1770 1098 1834 Lateranis
1122 1770 1212 1834 sedit
1230 1772 1320 1834 anti-

287 1949 295 1964 ,
373 1872 433 1954 qui
448 1873 544 1938 Petri
558 1873 684 1937 Leonis
695 1871 842 1943 soboles,
856 1870 983 1934 Petrus
995 1871 1086 1935 Leo:
1104 1890 1190 1953 quos
1207 1878 1322 1936 utros-

298 1987 305 2002 '
373 1991 441 2054 que
459 1973 488 2036 si
506 1972 664 2037 stimulat
676 1972 857 2053 dignitatis
875 1972 1030 2048 ambitio,
1044 1979 1167 2034 neuter
1179 1972 1321 2054 placens

374 2071 463 2136 Deo.
517 2073 606 2151 Quae
632 2092 710 2135 cum
733 2072 821 2135 fiunt
836 2072 871 2134 in
890 2070 1029 2147 mundo,
1048 2071 1115 2134 Dei
1138 2080 1322 2136 servantur

369 2170 515 2255 judicio,
547 2171 648 2255 cnjus
674 2172 809 2255 judicia
840 2172 987 2253 abyssus
1019 2172 1141 2237 multa.
1205 2171 1322 2237 Causa

370 2279 480 2336 tantae
502 2273 728 2336 dissensionis
753 2273 787 2333 in
814 2270 927 2353 eapite
952 2272 1104 2334 omnium
1128 2274 1322 2354 perorbem

373 2372 596 2436 ecclesiarum
628 2371 892 2454 quamplurimis
921 2372 1020 2434 annis
1055 2372 1194 2449 habitae,
1228 2393 1322 2437 corn-

373 2472 469 2534 muni
487 2473 680 2554 principum
697 2470 840 2536 consilio
857 2473 1023 2536 statuitur
1040 2472 1126 2548 dies,
1142 2492 1210 2554 qno
1232 2473 1324 2538 inter

373 2570 553 2636 Romanos
579 2581 614 2637 et
639 2571 849 2654 Apulienses
876 2571 1027 2635 duellum
1058 2573 1132 2649 fiat,
1161 2579 1195 2636 et
1225 2571 1322 2638 Deus

374 2670 616 2755 Omnipotens,
635 2671 745 2755 judex
771 2673 935 2745 omnium,
958 2673 1014 2735 cui
1039 2672 1248 2754 disposuerit
1268 2675 1320 2737 vi-

373 2773 516 2837 ctoriam
542 2773 685 2837 tribuat.
748 2772 970 2853 Congregato
994 2773 1149 2837 exercitu
1173 2771 1243 2836 fere
1269 2774 1322 2836 in-

374 2872 591 2948 numerabili,
609 2873 796 2936 Lotbarius
810 2873 1009 2955 imperator,
1026 2873 1107 2936 licet
1121 2873 1322 2938 infirmitate

372 2974 520 3055 positus,
539 2979 805 3036 castrametatus
827 2973 930 3036 estin
952 2970 1094 3055 Apulia.
1146 2972 1323 3055 Rogerius

372 3071 558 3136 multorum
571 3072 717 3135 millium
726 3072 881 3155 peditum
893 3082 928 3136 et
938 3073 1092 3154 equitum
1102 3073 1322 3138 multitudine

372 3173 589 3254 constipatus
620 3173 779 3236 occurrit.
835 3172 1034 3254 Pugnatum
1065 3180 1119 3237 est
1148 3174 1320 3255 utrinque,

372 3269 450 3335 Deo
472 3280 589 3335 autem
614 3273 664 3335 sic
688 3272 913 3354 disponente;
938 3274 1127 3354 imperator
1145 3292 1223 3336 cum
1248 3275 1322 3338 suis

372 3372 514 3434 vincens
546 3371 749 3454 triumphat,
783 3371 957 3452 Rogerius
990 3392 1068 3436 cum
1103 3373 1175 3436 suis
1208 3373 1323 3437 victus

372 3470 490 3551 sugam
505 3471 599 3548 iniit;
615 3472 715 3555 cnjus
728 3472 825 3552 regia
840 3490 978 3547 corona,
993 3493 1097 3555 quam
1112 3474 1177 3538 sibi
1192 3473 1321 3539 fecerat

374 3577 413 3633 ut
427 3590 490 3633 rex
514 3580 748 3646 coronaretur,
766 3589 850 3634 auro
874 3577 908 3634 et
927 3574 1070 3653 gemmis
1092 3574 1253 3656 pretiosis
1269 3594 1322 3638 re-

374 3669 507 3746 dimita,
516 3678 550 3735 et
561 3671 689 3752 regalis
700 3670 821 3734 lancea
831 3690 915 3734 auro
927 3672 1144 3755 praefulgida,
1155 3673 1321 3738 insidiose

372 3777 489 3833 tamen
504 3779 652 3852 reperta,
664 3772 699 3833 in
716 3771 842 3834 donum
859 3773 1072 3853 acceptabile
1089 3773 1321 3856 imperatoriae

374 3870 523 3933 traditur
542 3871 778 3950 excellentiae3
803 3872 863 3952 qui
888 3872 1094 3953 repatrians
1117 3893 1186 3936 non
1210 3874 1319 3937 multo

208 3985 330 4034 rouuvr,
373 3977 453 4052 post
478 3990 620 4051 regnum
646 3991 724 4035 cum
743 3973 816 4035 vita
844 3972 969 4035 amisit.
1022 3972 1229 4036 Ludowicus
1255 3993 1319 4037 rex

208 4037 262 4086 king
271 4036 295 4076 ol

209 4087 341 4133 manaae.
374 4069 587 4135 Francorum
608 4071 705 4148 obiit,
728 4071 784 4134 cui
798 4071 889 4134 filius
906 4093 989 4135 suus
1009 4072 1216 4137 Ludowicus
1239 4093 1320 4137 suc·

372 4172 487 4234 cessit.
554 4171 674 4235 Mense
706 4173 888 4236 Decembri
918 4193 977 4236 rex
1012 4172 1207 4255 Anglorum
1241 4173 1320 4237 Ste-
