2918 4866
367 391 559 439 nnonnunn
586 388 863 440 wieunnrnnsm.
1025 377 1091 442 255

143 556 178 612 et
197 548 256 611 alii
274 547 427 612 homines
449 548 492 611 de
515 554 607 612 terra
629 548 721 630 regis
744 547 881 625 Scotiae,
896 548 939 612 de
963 550 1088 631 quibus

145 648 304 712 dominus
333 668 396 712 rex
424 649 550 712 habere
573 649 733 724 voluerit,
760 648 889 712 sacient
913 649 944 712 ei
970 649 1090 714 h'oma·

146 749 241 829 gium
273 755 395 813 contra
429 768 563 812 omnem
600 749 781 824 homiuem,
817 756 851 812 et
877 748 1089 828 fidelitatem,

147 858 186 913 ut
211 849 295 931 ligio
324 849 474 924 dominu,
502 849 593 912 sicut
622 849 680 914 alii
712 848 867 912 homines
894 850 947 913 sui
976 849 1090 915 facere

148 949 261 1013 solent
284 949 327 1024 ei,
342 957 378 1012 et
396 948 550 1013 Henrico
568 949 655 1030 regi,
669 948 741 1011 filio
757 967 833 1025 suo,
849 956 884 1013 et
899 948 1090 1014 haeredibus

148 1050 233 1125 suis,
255 1048 353 1112 salva
375 1048 442 1112 fide
464 1048 593 1112 domini
616 1048 720 1130 regis
739 1049 848 1130 patris
871 1049 936 1112 sui.
989 1049 1091 1114 Simi-

147 1148 227 1212 liter
249 1149 402 1212 haeredes
424 1149 517 1230 regis
541 1148 679 1225 Scotiae,
697 1154 732 1212 et
746 1149 911 1212 baronum
929 1155 964 1212 et
980 1150 1090 1214 homi·

147 1268 228 1312 num
261 1268 400 1312 suorum
439 1247 636 1329 homagium
675 1255 710 1311 et
746 1247 926 1329 ligantiam
963 1249 1091 1316 sacient

149 1347 342 1412 haeredibus
376 1348 505 1412 domini
539 1349 630 1429 regis
665 1355 786 1411 contra
818 1368 951 1411 omnem
984 1349 1092 1413 homi·

149 1468 238 1513 uem.
276 1447 452 1512 Praeterea
465 1467 526 1510 rex
542 1447 668 1512 Scotiae
678 1453 713 1511 et
725 1446 879 1511 homines
894 1448 948 1511 sui
959 1449 1091 1520 nullum

149 1549 280 1612 amodo
292 1547 474 1629 fugitivum
489 1547 532 1610 de
544 1555 636 1612 terra
647 1546 777 1611 domini
788 1548 879 1628 regis
891 1568 954 1629 pro
964 1548 1091 1614 felonia

149 1649 375 1730 receptabunt
397 1647 433 1710 in
456 1647 583 1723 Scotia,
601 1647 656 1711 vel
679 1648 715 1715 in
738 1647 808 1711 alia
822 1654 915 1711 terra
931 1668 1007 1725 sua,
1025 1650 1091 1713 nisi

149 1749 300 1812 voluerit
315 1748 431 1812 venire
448 1747 492 1810 ad
510 1754 642 1811 rectum
657 1746 693 1809 iu
715 1754 809 1811 terra
830 1747 960 1811 domini
985 1749 1090 1832 regia,

150 1855 185 1911 et
224 1857 318 1912 stare
352 1847 486 1931 judicio
525 1847 652 1912 curiae:
691 1847 752 1911 sed
789 1866 852 1910 rex
890 1847 1017 1912 Scotiae
1056 1856 1091 1915 et

149 1947 302 2011 homines
325 1948 390 2023 sui,
406 1966 510 2029 quam
532 1947 634 2010 citius
656 1954 831 2028 poterunt,
847 1966 925 2010 eum
941 1948 1091 2030 capient,

150 2055 185 2111 et
208 2047 345 2112 domino
368 2047 442 2131 regi
462 2046 616 2122 reddent,
633 2047 688 2110 vel
709 2047 910 2130 justitiariis
933 2055 995 2111 aut
1018 2048 1092 2120 bal÷

150 2147 228 2211 livis
251 2148 324 2211 suis
345 2147 381 2211 in
397 2145 538 2228 Anglia.
589 2144 626 2209 Si
648 2154 762 2210 autem
786 2147 911 2228 aliquis
933 2147 977 2210 de
999 2153 1092 2212 terra

151 2248 241 2328 regis
251 2247 377 2311 Scotiae
388 2247 555 2328 fugitivus
567 2245 671 2310 suerit
682 2266 745 2328 pro
758 2246 887 2311 felonia
901 2247 936 2310 in
948 2245 1090 2328 Anglia,
1156 2326 1159 2330 .

151 2347 215 2409 nisi
246 2347 393 2410 voluerit
422 2347 538 2410 venire
570 2346 613 2409 ad
644 2354 775 2410 rectum
807 2347 844 2410 in
875 2347 972 2410 curia
1001 2348 1092 2430 regis

151 2444 290 2524 Scotiae,
307 2446 361 2510 vel
376 2446 411 2509 in
429 2446 524 2509 curia
538 2445 668 2510 domini
682 2445 787 2527 regiS,
801 2453 837 2510 et
852 2454 946 2510 stare
958 2447 1091 2529 judicio

150 2546 267 2623 curiae,
284 2565 352 2608 non
375 2546 608 2626 receptabitur
628 2545 766 2609 domino
781 2565 874 2627 rege,
892 2546 950 2609 sed
967 2546 1091 2610 libera-

150 2646 243 2709 bitur
259 2644 454 2710 hominibus
468 2645 596 2709 domini
612 2644 703 2726 regis
719 2644 857 2722 Scotiae,
870 2665 931 2728 per
946 2645 1092 2709 ballivos

152 2746 281 2809 domini
318 2745 422 2826 regis,
453 2745 512 2808 ubi
549 2745 712 2808 inventus
743 2745 857 2809 fuerit.
918 2744 1093 2812 Praeterea

151 2844 305 2908 homines
322 2844 451 2908 domini
465 2845 558 2926 regis
575 2845 751 2908 habebunt
767 2851 878 2908 terras
895 2863 989 2921 suas,
1005 2864 1092 2926 quas

150 2944 334 3021 habebant,
360 2953 395 3008 et
423 2944 548 3008 habere
574 2945 739 3009 deberent
770 2942 813 3007 de
842 2943 978 3009 domino
1010 2965 1091 3025 rege

152 3052 187 3107 et
205 3063 285 3125 rege
301 3043 428 3109 Scotiae
443 3050 479 3108 et
492 3045 535 3108 de
546 3043 740 3109 hominibus
752 3044 835 3108 suis.
874 3044 921 3108 Et
936 3043 1091 3108 homines

152 3144 243 3224 regis
273 3143 398 3208 Scotiae
428 3144 603 3209 habebunt
627 3152 736 3208 terras
758 3162 851 3221 suas,
874 3144 962 3226 quas
988 3142 1092 3207 habe·

152 3245 245 3320 bant,
268 3251 304 3309 et
326 3244 451 3308 babere
477 3245 639 3308 deberent
666 3244 710 3309 de
731 3243 868 3306 domino
890 3263 972 3324 rege
993 3251 1029 3307 et
1051 3243 1093 3307 de

150 3343 346 3407 hominibus
374 3345 457 3410 suis,
505 3343 576 3407 Pro
601 3345 668 3408 ista
695 3363 776 3407 vero
801 3344 1027 3408 conventione
1058 3351 1094 3408 et

150 3443 217 3507 fine
232 3443 376 3508 firmiter
390 3444 617 3521 observando,
633 3443 772 3508 domino
782 3443 867 3526 regi,
877 3450 913 3507 et
926 3443 1093 3521 Hennae,

150 3543 221 3607 filio
253 3562 329 3620 suo,
355 3551 390 3608 et
423 3542 615 3607 haeredibus
640 3543 713 3607 suis
742 3562 763 3607 a
794 3563 877 3624 rege
905 3542 1031 3608 Scotiae
1060 3553 1095 3611 et

149 3641 342 3706 haeredibus
382 3643 466 3719 suis,
500 3642 662 3708 liberavit
698 3662 760 3706 rex
793 3642 918 3708 Scotiae
956 3642 1094 3707 domino

148 3743 222 3822 regi
252 3742 433 3806 castellum
463 3742 506 3807 de
532 3741 747 3819 Rukesburc‚
780 3750 816 3807 et
841 3741 1023 3807 castellum
1050 3742 1093 3806 de

150 3841 323 3917 Berewik,
349 3850 384 3906 et
411 3841 593 3905 castellum
620 3842 663 3905 de
688 3841 937 3918 Geddewurth‚
969 3850 1004 3905 et
1035 3861 1092 3906 ca·

149 3943 288 4008 stellum
317 3941 531 4017 Puellarum,
547 3949 582 4005 et
601 3942 782 4007 castellum
802 3941 845 4008 de
864 3940 1039 4017 Strivelin,
1058 3942 1094 4004 in

149 4041 384 4105 misericordia
415 4041 542 4104 domini
571 4041 674 4123 regis.
721 4041 767 4105 Et
796 4041 840 4104 ad
870 4040 1096 4105 custodienda

148 4142 292 4206 castella
309 4141 370 4205 illa
386 4141 579 4222 assignabit
596 4160 660 4207 rex
671 4139 802 4207 scotiae
819 4140 861 4204 de
878 4139 1013 4204 redditu
1032 4158 1095 4209 suo
