2918 4866
421 390 614 444 rrouuurrr
640 394 920 443 wrcoaurnusrs.
1084 368 1148 442 141

199 551 369 617 pariensis
397 551 552 617 ecclesiae
580 553 751 636 cogitans,
779 552 977 637 frequenter
1002 546 1148 619 nuncios

199 672 281 717 suos
300 653 344 716 ad
359 651 612 732 Alexandrum,
629 672 801 717 summurn
814 654 1023 737 pontificem,
1042 656 1147 732 misit,

198 761 240 818 ut
263 752 490 818 coufunderet
515 754 768 818 Eboracensem
791 752 1087 838 archiepiscopum
1113 762 1149 819 et

200 852 276 938 ejus
302 853 533 938 coadjutores,
562 855 623 938 qui
652 855 684 918 ei
711 854 956 919 ministrabant
985 854 1022 919 in
1052 873 1147 919 coro-

201 955 344 1019 natione
378 955 459 1019 uovi
491 955 583 1037 regis
619 952 768 1038 Augliae.
829 955 996 1019 Similiter
1029 955 1148 1020 eodem
1160 971 1300 1023 manum

1161 1026 1241 1065 Franco

199 1073 292 1119 auno
318 1054 534 1133 Lodowicus,
556 1074 620 1118 rex
643 1054 867 1133 Francorum,
896 1075 958 1138 pro
982 1056 1148 1138 praedicto
1161 1074 1286 1116 sorranus

202 1154 445 1220 cantuariensi
457 1153 718 1237 archiepiscopo
732 1154 934 1220 sollicitavit
950 1155 1149 1220 Romanum
1160 1126 1268 1216 {ilduino

200 1254 408 1338 pontificem,
423 1255 459 1319 in
473 1256 603 1320 virtute
621 1255 760 1331 amoris,
776 1263 811 1320 et
825 1257 890 1319 sub
906 1256 1053 1339 impensi
1068 1277 1149 1339 pro·
1162 1227 1249 1268 Bm

201 1355 388 1423 testatione
415 1356 585 1438 obsequii,
609 1375 653 1418 ne
682 1355 828 1419 ulterius
855 1355 1045 1420 delationes
1076 1357 1149 1420 fru-

202 1455 396 1532 stratorias,
412 1474 501 1538 quas
515 1475 575 1519 rex
596 1454 791 1538 Anglorum
807 1456 1047 1539 protendebat,
1070 1476 1149 1538 pro-

203 1561 353 1636 rogaret,
378 1556 469 1620 sicut
494 1575 637 1638 regnum
664 1555 877 1619 Francorum
907 1556 1085 1637 diligebat,
1115 1565 1151 1620 ot

203 1655 367 1719 honorem
394 1655 595 1740 apostolicae
618 1655 722 1720 sedis.
768 1656 934 1719 Misertus
956 1657 1058 1720 etiam
1076 1654 1150 1719 An·
1164 1672 1260 1713 notus

204 1755 350 1838 glicanae
374 1756 530 1820 ecclesian
560 1755 820 1832 desolationem,
846 1755 1056 1833 WillelmuS,
1088 1756 1150 1820 Se·
1163 1723 1311 1773 'mmm'

203 1850 426 1920 nonensium¹
453 1857 609 1934 antistes,
640 1855 755 1919 sedern
785 1854 1011 1939 apostolicam
1041 1857 1152 1940 petiit,

203 1962 240 2020 et
257 1975 279 2020 a
298 1956 457 2021 Romana
473 1956 619 2020 ecclesia
637 1956 848 2038 impetravit,
877 1963 916 2020 ut
941 1975 1003 2019 rex
1020 1954 1153 2039 Auglo-

203 2074 293 2133 rum,
324 2057 418 2121 omni
452 2055 685 2141 appellatione
719 2062 890 2133 cessante,
924 2050 1152 2140 subjiceretur

203 2156 431 2233 anathemati,
448 2166 484 2221 et
497 2176 640 2238 regnum
658 2156 853 2232 interdicto,
873 2156 940 2220 nisi
958 2177 1030 2239 pax
1046 2156 1151 2222 Cant·

206 2258 357 2321 uarieusi
386 2255 540 2322 ecclesiae
573 2255 783 2320 redderetur.
842 2256 1003 2321 Instabat
1033 2258 1151 2341 itaque

206 2358 457 2440 peremptorius
467 2356 539 2421 dies
551 2365 590 2421 ut
601 2357 773 2421 sententia
783 2356 928 2421 ulterius
941 2355 1068 2422 differri
1080 2378 1151 2422 non

206 2465 334 2541 posset.
376 2456 543 2521 Arctatus
558 2458 666 2540 igitur
683 2476 745 2520 rex
762 2455 955 2544 Anglorum
967 2459 1153 2524 severitate
1164 2471 1296 2514 saonam.

1164 2525 1210 2564 tlon
1217 2524 1240 2563 ol
1246 2524 1284 2562 the

206 2558 385 2632 canonica,
414 2557 549 2622 tandem
578 2557 767 2640 adquievit,
793 2564 833 2621 ut
859 2577 929 2640 pax
950 2550 1270 2665 Ang'licauaepnpapd

206 2659 360 2723 ecclesiae
371 2657 627 2734 reformaretur,
639 2664 675 2722 et
687 2659 780 2721 circa
794 2657 919 2722 festum
930 2658 1050 2750 Sancti
1067 2660 1153 2723 Dio·
1184 2637 1196 2665 ²
1224 2635 1252 2663 ‘'

204 2759 307 2842 nysii,
323 2765 448 2842 quarto
464 2759 510 2823 id.
526 2757 688 2822 Octobris
705 2758 763 2840 [12
775 2757 978 2839 Oct.],feria
991 2758 1153 2835 secunda,

205 2860 300 2923 venit
326 2878 436 2941 usque
462 2855 693 2936 Ambasium,²
719 2877 797 2941 quae
826 2866 879 2923 est
909 2878 1018 2940 prope
1044 2860 1153 2923 Turo-

206 2949 327 3036 niu‘m,³
352 2980 430 3024 cum
459 2958 738 3043 archiepiscopis,
763 2966 798 3023 et
820 2959 1002 3042 episcopis,
1024 2967 1059 3024 et
1081 2979 1154 3023 ma-

201 3056 338 3141 joribus
375 3068 478 3125 terrae
513 3079 598 3137 suae,
638 3065 760 3123 contra
784 3059 1010 3137 Willelmum,
1043 3059 1154 3124 archi·

207 3160 407 3244 episcopum
444 3160 685 3235 Senouensem‚
718 3166 753 3223 et
782 3158 1034 3237 Theobaldum,
1073 3160 1155 3224 Ble-

206 3258 361 3325 sensem⁴
397 3260 569 3338 comitem,
608 3260 819 3324 adducentes
857 3279 974 3323 secum
1015 3261 1156 3324 beatum

206 3358 389 3437 Thomam,
421 3360 705 3424 Cantuariensem
735 3359 1043 3443 archiepiscopum.
1110 3361 1156 3425 Et

207 3460 242 3523 in
258 3462 424 3538 crastino,
440 3461 530 3524 sicut
547 3460 672 3525 divinae
686 3461 818 3543 placuit
832 3455 1037 3543 prudentiae,
1054 3480 1155 3544 prece

208 3561 301 3642 regis
319 3560 489 3638 Franciae,
500 3568 535 3624 et
551 3561 714 3624 mandato
731 3568 765 3625 et
781 3560 1014 3625 admonitione
1031 3562 1155 3626 summi

207 3661 392 3744 pontilicis,
416 3659 621 3737 Alexandri,
654 3680 786 3754 necnon
811 3667 847 3724 et
870 3661 1013 3725 consilio
1044 3661 1156 3725 archi·

208 3761 448 3845 episcoporum
475 3769 511 3826 et
537 3762 776 3844 episcoporum
800 3768 902 3824 terrac
921 3780 1006 3839 suae,
1028 3762 1157 3845 recepit

207 3861 331 3926 ibidem
355 3862 392 3925 in
421 3862 571 3943 gratiam
596 3869 632 3926 et
658 3881 809 3925 amorem
832 3881 932 3925 suum
953 3860 1157 3944 praedictum

245 4037 463 4106 'uermerium
493 4042 532 4091 Of
556 4042 671 4106 Senonae,
732 4038 914 4104 'Tormium.]
932 4041 1022 4091 Tourst

207 4110 432 4245 sepeliendorum]
450 4182 579 4232 Amboise.
732 4175 918 4244 ⁴Blesauoena]
932 4178 1162 4244 OfBlesae,Blois.
1242 4143 1244 4147 γ
