2918 4866
423 371 617 422 ruonnrvru
643 372 921 424 wrcoarususrs.
1086 363 1151 428 187

199 534 445 611 S.'Edmundi,'
465 553 503 599 x.
525 532 597 600 kal.
615 535 688 600 Jnl.
712 531 772 620 [22
792 534 909 622 Jun.],
934 545 970 602 et
991 537 1026 601 in
1049 538 1152 603 domo
1164 558 1244 598 nona

200 635 332 717 Rogeri
357 635 400 699 de
429 635 651 713 Herdeberri,
669 656 691 699 a
715 636 824 700 latere
848 645 958 719 portae
980 639 1152 720 aquilonis
1165 606 1292 698 liduit..

199 743 322 800 contra
350 735 530 813 orientem,
556 735 680 799 missas
706 736 796 800 clam
821 745 1006 814 conventu,
1029 739 1090 802 sed
1116 740 1153 802 in
1202 744 1204 751 '

200 837 376 900 audientia
399 836 551 900 omnium
579 835 837 913 confluentium,
860 838 933 901 alta
955 857 1039 902 voce
1063 838 1153 902 cele·

200 937 324 1017 brant3
360 934 511 1019 Symone
527 937 643 1018 priore
660 945 695 1000 et
721 944 805 1001 tunc
831 936 954 1015 electo,
974 956 1052 1000 cum
1075 939 1154 1001 sub

201 1036 377 1118 priore,et
403 1035 552 1100 sacrista
580 1045 615 1100 et
641 1035 760 1100 multis
788 1035 865 1100 aliis
890 1058 953 1120 pro
982 1037 1083 1102 electi
1110 1037 1154 1101 ad

201 1136 377 1200 dominum
404 1154 521 1218 regem
552 1136 847 1219 representatione
869 1138 1042 1201 euntibus.
1087 1138 1155 1201 Sed

205 1236 428 1301 nibilominus
460 1235 581 1300 eodem
615 1235 671 1299 die
705 1236 895 1301 oratorium
927 1256 1045 1301 eorum
1077 1257 1154 1301 cum

203 1336 362 1403 omnibus
378 1335 537 1399 domibus
559 1335 709 1403 incuria
725 1336 787 1400 illa
803 1336 1046 1414 existentibus
1063 1338 1156 1402 dicto

204 1435 325 1513 milite,
341 1434 600 1500 cumfratribus
623 1435 798 1518 praedictis
817 1436 893 1520 jam
915 1437 1086 1519 prandere
1103 1439 1155 1501 in-

205 1536 423 1619 cipientibus,
435 1535 623 1599 solotenus
638 1537 806 1618 prostrati
820 1543 914 1600 sunt.
966 1536 1157 1615 Walterus,
1169 1557 1254 1603 varta,
1264 1558 1298 1606 ap.

206 1636 389 1719 episcopus
407 1634 442 1699 N
445 1635 653 1713 orwicensis,
676 1635 783 1716 obiit3
810 1637 976 1701 successit
993 1637 1160 1720 magister
1168 1607 1305 1704 iifffflh’

206 1735 337 1819 Symon
349 1736 392 1799 de
407 1735 571 1800 Wauton.
625 1735 706 1800 Hoc
719 1755 810 1800 anno
824 1737 1051 1802 immoderata
1065 1757 1158 1821 saepe
1170 1709 1246 1798 {tilii
1252 1708 1283 1796 ii

208 1837 327 1901 extitit
350 1836 480 1918 pluvia,
499 1837 560 1899 sed
588 1842 624 1899 et
645 1843 744 1900 tanta
768 1837 948 1901 inundatio
975 1838 1101 1920 erupit,
1123 1838 1157 1901 id
1170 1809 1268 1908 lilii·

208 1935 282 2001 Jul.
299 1930 477 2022 [15Jo1.]‚
495 1942 535 2000 ut
557 1936 689 2011 domos,
712 1955 830 2000 muros
857 1944 891 2001 et
914 1938 1055 2002 arbores
1078 1910 1232 2021 pro-flm’

209 2042 390 2112 sterneret,
401 2043 437 2100 et
450 2036 544 2100 ioena
553 2037 684 2118 impetu
695 2055 863 2120 aquarum
875 2037 1026 2115 sublata,
1035 2049 1158 2121 pontes

208 2135 473 2201 innumerabiles
491 2135 678 2218 fregerunt.

262 2235 416 2300 Penuria
447 2237 598 2299 omnium
635 2237 803 2300 bonorum
842 2237 999 2318 sequitur
1030 2257 1159 2321 praece·
1184 2258 1314 2298 sonsa

211 2335 325 2400 dentis
373 2337 455 2400 anni
499 2336 782 2416 inundationem
824 2356 904 2400 nam
945 2323 1288 2420 quartariumlfmlt

210 2435 386 2514 frumenti,
403 2435 495 2519 quod
512 2455 590 2500 raro
601 2436 855 2514 inveniebatur,
873 2437 918 2501 ad
933 2455 998 2502 xv,
1010 2438 1110 2502 solid.
1127 2445 1162 2502 et
1205 2452 1209 2463 ’

210 2537 316 2623 etiam
345 2556 456 2621 usque
479 2553 549 2600 xx.
577 2535 641 2600 sol.
671 2536 905 2602 vendebatur:
941 2539 1033 2602 unde
1063 2546 1162 2602 tanta

212 2635 321 2703 fames
348 2643 427 2701 orta
455 2643 521 2713 est,
549 2643 590 2701 ut
616 2655 787 2718 pauperes
815 2657 956 2702 carnem
987 2637 1162 2721 equinam,

212 2737 359 2801 cortices
376 2737 550 2814 arborum,
567 2736 622 2801 vel
646 2738 738 2818 quod
758 2736 910 2801 deterius
926 2745 991 2816 est,
1007 2738 1161 2803 comede·

207 2845 312 2920 pent:
342 2837 607 2901 innumerabiles
642 2837 731 2900 fame
770 2837 979 2901 defecerunt.
1031 2838 1162 2902 Eodem

213 2956 316 3014 anno,
333 2938 448 3001 omnia
462 2937 564 3001 farris
578 2957 707 3020 genera
723 2937 861 3020 copiose
879 2938 980 3001 terris
994 2939 1089 3015 data,
1101 2958 1163 3021 per

214 3038 367 3120 pluviam
391 3038 626 3103 autumnalem
647 3057 735 3121 pene
752 3043 832 3100 sunt
850 3038 995 3120 perdita,
1017 3047 1052 3103 et
1069 3039 1162 3104 ultra

209 3137 340 3205 festum
366 3137 530 3201 Omnium
553 3138 758 3201 Sanctorum
785 3134 822 3220 [1
847 3136 973 3224 Nov.],
1001 3136 1105 3202 blada
1126 3140 1163 3202 in

211 3237 369 3320 pluribus
385 3237 470 3302 locis
487 3238 524 3301 in
541 3236 673 3320 campis
693 3236 880 3321 jacebant:
904 3237 1044 3320 plurimi
1057 3239 1162 3303 etiam

216 3338 337 3403 diebus
355 3337 549 3403 Dominicis
564 3344 600 3402 et
615 3338 693 3402 aliis
710 3338 830 3402 diebus
848 3336 957 3414 festis,
975 3357 1053 3420 quae
1071 3357 1164 3402 sere·

107 3522 110 3527 .
217 3440 331 3502 niores
347 3437 574 3516 habebantur,
590 3438 697 3502 blada
709 3456 775 3502 sua
790 3439 826 3501 in
841 3437 965 3503 horrea
981 3440 1163 3503 ducebant.

219 3538 288 3601 His
304 3538 424 3601 diebus
442 3539 563 3619 regina
578 3536 730 3620 Angliae,
746 3548 781 3603 et
805 3539 909 3602 etiam
931 3539 1057 3603 fratres
1073 3540 1164 3620 regis
1177 3558 1303 3599 ortanam

218 3638 470 3715 Pictavieuses,
502 3645 536 3702 et
572 3645 734 3721 parentes
766 3637 895 3719 reginae
937 3612 1325 3707 Savveiensestbliititia

218 3738 457 3821 unusquisque
475 3737 534 3800 ubi
551 3737 815 3808 dominabantur
832 3739 1032 3821 tyrannides
1051 3740 1164 3822 regias
1176 3709 1326 3809 {illllsstir

218 3831 481 3903 intolerabiliter
506 3846 719 3916 exercentes,
740 3858 899 3921 proceres
923 3840 1021 3922 regni
1045 3848 1166 3905 contra
1179 3820 1256 3859 Μ’

219 3958 279 4003 eos
291 3945 520 4004 exacuerunt.
555 3937 657 4001 Unde
671 3946 751 4020 post
765 3938 915 4016 Pascha,
930 3940 1166 4004 convenienti·
1178 3959 1309 4049 ffissg,¹',¹}''¹·

219 4040 283 4103 bus
304 4039 438 4102 cunctis
458 4034 657 4121 proceribus
675 4036 815 4120 Angliae
835 4039 928 4122 apud
954 4039 1166 4117 Oxeneford,
1180 4061 1271 4101 aaran.

220 4139 444 4223 promulgata
456 4145 540 4202 sunt
552 4144 688 4203 statuta
696 4140 913 4222 quaedam,ut
924 4139 1115 4218 dicebatur,
1123 4141 1167 4205 ad
