2918 4866
363 394 556 443 rconnnru
584 392 868 444 wleoanmusrs.
1041 379 1084 445 61

134 553 308 630 Romano,
339 560 375 617 et
404 554 676 618 Transtiberinae
694 549 743 617 'et
770 552 894 617 insulae
932 552 1084 617 civitatis

134 673 253 737 pacem
271 661 307 718 et
320 655 539 718 securitatem
559 647 716 731 servabo,
734 660 806 718 tum
829 673 891 737 per
906 674 961 718 me
979 673 1083 736 quam

135 774 243 832 meos,
274 761 309 828 et
340 755 377 817 in
406 754 562 837 personis
594 763 630 817 et
658 755 695 817 in
725 756 839 831 rebus,
871 753 930 837 qui
962 773 1082 836 pacem

134 855 219 918 mihi
249 855 476 945 servaverint.
522 853 710 918 Dominum
727 873 854 937 papam
878 853 1082 918 Paschalem

136 954 287 1019 fideliter
312 953 486 1039 adjuvabo
514 962 555 1018 ut
575 962 743 1038 papatum
770 955 888 1038 quiete
911 961 947 1018 et
961 973 1082 1018 secure

138 1062 269 1120 teneat.
329 1054 550 1119 Patrimonia
580 1063 616 1120 et
644 1055 880 1137 possessiones
912 1053 1082 1118 Romauae

136 1155 304 1231 eeclesiae,
340 1174 418 1238 quae
448 1153 591 1232 abstuli,
623 1156 818 1232 restituam,
847 1162 975 1219 cuncta
1003 1173 1082 1237 quae

137 1254 265 1319 habere
282 1256 385 1320 debet
401 1275 496 1319 more
512 1264 771 1320 autecessorum
789 1253 963 1319 meoruml
986 1275 1082 1318 recu·

136 1374 259 1438 parare
279 1363 315 1420 et
328 1342 453 1420 ¹tenere
475 1354 649 1438 adjuvabo
666 1357 758 1419 bona
777 1355 868 1435 fide3
892 1362 927 1419 et
942 1356 1082 1420 domino

136 1475 238 1540 papae
267 1455 434 1520 Paschali
472 1456 643 1533 obediam,
679 1456 780 1520 salvo
817 1454 947 1519 honore
984 1457 1083 1536 regni

137 1563 175 1621 et
193 1557 341 1645 imperii,
359 1557 451 1621 sicut
466 1555 630 1620 catholici
649 1556 876 1638 imperatores
901 1555 1083 1620 catholicis

138 1657 363 1740 pontificibus
390 1656 571 1720 Romanis.
624 1655 715 1720 Haec
746 1657 863 1720 omnia
890 1657 1083 1721 observabo

137 1759 231 1822 bona
253 1756 332 1833 fide,
347 1757 422 1821 sine
445 1757 567 1821 fraude
591 1763 626 1820 et
643 1756 735 1821 malo
762 1756 913 1838 ingenio.
958 1756 1005 1820 Et
1024 1756 1084 1820 isti

138 1867 221 1922 sunt
232 1857 412 1942 juratores
434 1865 594 1940 exparte
617 1857 727 1940 ipsius
742 1857 853 1939 regis:
879 1855 1084 1921 Fredericus

140 1957 358 2022 Coloniensis
395 1956 700 2040 ArchiepiscopuS,
739 1955 967 2021 Gebebardus
1005 1957 1084 2022 Tri·

139 2057 277 2129 dentius
307 2057 514 2141 Episcopus,
545 2057 770 2122 Burchardus
799 2057 1085 2122 Monasteriensis

141 2158 349 2243 Episcopus,
366 2159 486 2222 Bruuo
502 2157 675 2241 Spirensis
694 2157 904 2240 Episcopus,
919 2156 1086 2223 Albertus

141 2257 393 2335 Cancellarius,
429 2256 554 2322 Comes
592 2257 841 2335 Herimannus,
881 2257 1086 2323 Frederieus

141 2357 266 2422 Comes
291 2357 486 2435 Palatinus,
511 2357 745 2440 Berengarius
771 2356 910 2434 Comes,
928 2358 1084 2423 Frederi·

140 2478 201 2522 cus
214 2457 352 2535 Comes,
367 2459 567 2523 Bonifecius
585 2457 758 2535 Marchio,
773 2456 940 2522 Albertus
961 2458 1087 2524 Comes

140 2559 184 2623 de
216 2559 440 2636 Blandriaeo,
470 2558 673 2622 Fredericus
708 2557 846 2635 Comes,
876 2557 1087 2624 Godesridus

141 2658 280 2735 Comes
293 2657 498 2722 Warnerius
513 2655 694 2722 Marcbio.’

254 2846 416 2888 corvatam
437 2846 568 2889 SEOUNDA
588 2845 679 2888 mrsu
697 2845 798 2887 PAPAM
818 2845 854 2886 ΕΤ
874 2845 981 2888 nubum.

190 2967 385 3032 ‘Dominus
406 2985 497 3050 papa
513 2965 697 3031 Paschalis
718 2983 825 3031 cmvi.
843 2965 1008 3030 concedet
1026 2964 1087 3029 do·
1101 2989 1207 3038 respon

141 3067 235 3131 mino
260 3068 333 3150 regi
359 3066 526 3132 Heinrico
552 3075 587 3130 et
607 3085 715 3147 regno
739 3066 827 3150 ejuS,
846 3074 882 3130 et
904 3066 1088 3149 privilegio
1100 3038 1252 3138 iifrfi‘iiinfh‘
1326 3107 1337 3125 ,

140 3186 206 3231 suo
222 3168 287 3231 sub
305 3167 526 3232 anathemate
550 3166 768 3231 confirmabit
782 3174 818 3231 et
839 3166 1087 3244 corroborabit,
1100 3140 1253 3239 iiiibiiib.

142 3268 306 3351 episcopo
328 3267 382 3332 vei
407 3268 533 3332 abbate
560 3266 667 3331 libere
693 3265 804 3331 eleeto
828 3267 903 3330 sine
929 3267 1088 3344 simonia,

143 3386 288 3431 assensu
318 3367 425 3448 regis,
451 3368 544 3450 quod
576 3366 734 3430 dominus
764 3386 828 3430 rex
858 3386 936 3431 eum
960 3368 1089 3431 annulo

143 3474 178 3532 et
195 3467 296 3549 virga
314 3467 490 3531 investiat.
544 3466 740 3549 Episcopus
762 3475 879 3531 autem
899 3466 955 3530 vel
981 3468 1089 3531 abbas

143 3587 165 3632 a
181 3587 264 3649 rege
283 3567 483 3644 investitus,
498 3567 607 3631 libere
627 3567 779 3649 accipiat
796 3567 1091 3631 consecrationem

143 3668 187 3732 ab
209 3667 374 3753 episcopo
396 3667 441 3731 ad
464 3686 567 3749 quem
590 3667 810 3748 pertinuerit.
856 3666 893 3730 Si
909 3667 987 3750 quis
1008 3687 1090 3731 vero

142 3787 165 3832 a
188 3767 280 3832 clero
306 3776 342 3832 et
366 3766 496 3851 populo
519 3767 680 3849 eligatur,
705 3767 772 3830 nisi
794 3785 815 3829 a
841 3786 924 3849 rege
950 3767 1091 3831 investi-

142 3874 232 3945 atur,
258 3887 280 3932 a
305 3869 440 3932 nemine
465 3874 707 3932 consecretur:
729 3872 764 3931 et
790 3865 1040 3949 archiepiscopi
1057 3874 1092 3932 et

144 3967 297 4051 episcopi
321 3955 324 3963 ’
347 3968 543 4033 libertatem
589 3966 740 4031 habeant
792 3968 1028 4044 consecrandi,
1071 3987 1093 4032 a

143 4088 224 4150 rege
254 4067 446 4133 investitos.
492 4068 603 4151 Super
619 4066 674 4130 bis
692 4068 796 4132 etiam
819 4067 978 4131 dominus
1002 4086 1093 4149 papa

381 4193 388 4224 ¹
407 4196 539 4260 Macrum]
557 4196 673 4275 Suorum.
715 4196 756 4246 W.
768 4196 855 4245 Maza.
