2918 4866
354 391 420 455 276
604 403 854 450 corrmonrro
882 403 1057 450 canonici

196 584 325 633 romena·
399 563 611 627 Coelestinus
642 581 745 643 papa,
776 569 889 624 status
916 571 951 624 et
985 562 1099 626 aetatis
1127 581 1200 625 suae
1229 580 1312 624 cou-
1365 579 1368 586 ·

193 635 305 724 ididia.
355 664 510 727 siderans
537 661 786 743 impotentiam,
819 668 988 725 statutum
1020 661 1137 739 edidit,
1163 669 1197 724 et
1228 680 1311 723 mox

357 784 379 826 a
400 763 563 826 fratribus
589 761 775 843 approbari
799 761 1009 844 procuravit,
1032 762 1124 844 quod
1150 761 1312 825 Romano

358 862 522 945 pontifici,
534 863 594 944 qui
608 880 671 943 pro
684 868 837 943 tempore
850 860 964 937 suerit,
979 861 1009 923 si
1020 861 1087 924 sibi
1101 860 1186 925 utile
1199 861 1312 923 visum

359 963 462 1026 fuerit
488 970 523 1025 ct
555 971 798 1042 opportunum,
830 981 898 1024 suae
931 960 1093 1042 dignitati
1124 961 1314 1041 resignare,

361 1072 396 1125 et
419 1061 462 1124 ad
481 1061 637 1124 arctioris
660 1060 809 1123 instituti
834 1060 1180 1142 contemplationisve
1202 1060 1313 1123 otium

362 1163 435 1224 sive
468 1161 619 1242 requiem
659 1159 739 1222 licet
773 1160 1031 1240 transmigrare.
1093 1159 1173 1238 Quo
1207 1159 1314 1233 facto,

363 1280 520 1342 comper
543 1277 576 1323 v.
594 1277 739 1334 menseS,
757 1265 792 1322 et
819 1259 892 1323 dies
919 1277 1013 1336 xxc,
1028 1261 1152 1322 summi
1176 1259 1315 1341 pontili-

363 1367 462 1424 catns
485 1360 618 1441 apicem
635 1360 876 1438 gubernasset,
897 1358 952 1422 die
974 1360 1010 1422 S.
1027 1359 1145 1423 Luciae
1159 1359 1316 1440 Virginis

364 1460 424 1541 [13
445 1460 563 1541 Dec.],
586 1459 678 1540 apud
702 1457 899 1539 Neapolim,
920 1458 1015 1522 facta
1040 1460 1135 1541 prius
1158 1458 1316 1540 resigna·

366 1561 470 1635 tione,
490 1561 533 1624 ad
557 1559 719 1631 dilectum
745 1558 810 1621 sibi
836 1578 907 1621 suae
936 1559 1092 1640 pristinae
1118 1559 1317 1623 solitudinis

363 1660 476 1724 locum
497 1661 671 1722 remeavit.
724 1658 777 1721 Eo
799 1659 907 1740 igitur
929 1659 979 1722 sic
1002 1660 1156 1735 cedente,
1177 1660 1319 1722 vacavit

364 1759 462 1823 sedes
482 1759 643 1823 Romana
664 1758 785 1820 diebus
801 1775 854 1821 xr.
908 1758 1098 1822 Undecimo
1121 1760 1227 1840 igitur
1249 1759 1317 1834 die,

366 1859 651 1940 vigiliavidelicet
662 1857 802 1921 Natalis
810 1858 949 1921 Domini
960 1859 1118 1941 proximo
1128 1859 1319 1941 sequentis,

365 1960 496 2022 electus
537 1968 591 2022 est
629 1958 787 2021 dominus
828 1958 1036 2022 Benedictus
1073 1958 1115 2021 de
1154 1958 1320 2040 Anagnia

366 2059 543 2133 oriunduS,
572 2057 664 2121 tituli
689 2057 725 2120 S.
745 2057 908 2120 Nicholai
935 2058 1319 2122 in-Carcere-Tulliano

367 2159 533 2222 diaconus
550 2157 747 2233 cardinalis
764 2157 947 2239 dictusque
964 2166 1017 2222 est
1035 2159 1125 2222 Boni
1138 2206 1254 2222 .....
1259 2153 1266 2188 ¹

215 2273 273 2314 an.
284 2274 341 2314 1295.
418 2258 499 2320 Hoc
512 2276 616 2330 anno,
627 2257 798 2320 Dominus
810 2275 912 2339 papa,
928 2277 989 2340 pro
1003 2278 1088 2340 pace
1103 2259 1321 2322 reformanda

204 2339 458 2430 ᾒᾞὲξέᾱῗξὼίηὶθῑ
481 2375 579 2437 reges
610 2365 645 2419 et
669 2375 776 2436 regna
804 2356 943 2438 Angliae
970 2368 1005 2421 et
1033 2359 1201 2436 Franciae,
1227 2360 1322 2423 misit

205 2440 347 2533 mill„
368 2457 455 2520 duos
483 2456 675 2519 cardinales
702 2457 736 2518 in
767 2455 945 2538 Angliam‚
973 2460 1065 2521 viros
1093 2458 1321 2541 proculdubio

205 2540 305 2640 iiiiii
369 2557 460 2619 omni
491 2556 662 2638 sapientia
692 2563 728 2619 et
755 2557 938 2637 prudentia
968 2578 1122 2639 gnaros3
1155 2561 1321 2641 quiante

206 2642 248 2679 ‚aa
257 2641 345 2679 Μ·
368 2656 494 2719 festum
507 2657 542 2721 S.
556 2654 883 2720 Petri-ad-Vincula
896 2659 933 2739 [l
946 2657 1054 2739 Aug]
1068 2659 1322 2741 applicuerunt,

370 2765 404 2819 et
414 2756 630 2819 Londoniam
642 2765 873 2820 accesserunt.
927 2756 1063 2835 Quibus
1074 2759 1233 2822 dominus
1245 2781 1320 2836 rex,

369 2855 412 2918 de
444 2855 574 2920 Wallia
599 2856 747 2931 rediens,
777 2857 973 2940 subjugatis
1007 2858 1253 2935 WallensibuS,
1286 2871 1321 2924 et

370 2955 461 3018 datis
491 2955 669 3018 obsidibus
701 2975 764 3036 pro
795 2974 881 3037 pace
908 2957 1051 3021 firmiter
1079 2960 1113 3021 in
1144 2967 1320 3040 posterum

371 3055 552 3131 servanda,
570 3056 672 3119 dictis
690 3055 925 3119 cardinalibus
948 3057 1137 3121 Londoniae
1161 3062 1321 3137 occurrit,

371 3162 406 3218 et
419 3174 477 3218 eos
493 3156 639 3236 benigne
651 3155 871 3219 etcurialiter
887 3158 1026 3238 recepit,
1042 3158 1226 3241 citatisque
1240 3180 1320 3242 pro·

370 3253 647 3335 ceribusAngliae
658 3262 694 3318 et
703 3255 925 3319 ecclesiarum
934 3257 1322 3338 praelatiscoramdictis

370 3353 615 3429 cardinalibus,
648 3354 692 3417 ad
723 3355 929 3419 audiendum
961 3356 1160 3422 mandatum
1192 3360 1322 3424 domini

371 3471 483 3533 papae,
516 3452 768 3533 parlamentum
798 3475 899 3519 suum
928 3455 1054 3519 ibidem
1085 3460 1216 3538 tenuit;
1264 3462 1323 3523 ubi

370 3552 403 3612 in
435 3552 619 3633 praesentia
652 3553 780 3615 domini
814 3556 918 3636 regis,
949 3576 1140 3637 procerum,
1169 3568 1205 3621 et
1233 3580 1321 3641 prae·

370 3651 532 3728 latorum,
577 3651 769 3716 luculenter
815 3655 1015 3718 mandatum
1052 3657 1180 3720 domini
1220 3679 1322 3742 papae

371 3770 474 3832 super
512 3751 609 3832 pacis
651 3751 893 3818 reformatione
932 3763 1180 3837 exposuerunt.
1247 3758 1336 3825 Au-.

407 3964 415 3995 ¹
443 3967 475 4014 In
497 3982 513 4015 a
536 3967 661 4016 side-note
684 3969 707 4016 is
731 3970 835 4020 added:
860 3974 1074 4033 praedecessorem
1093 3991 1168 4025 suum
1179 3980 1324 4042 accersivit,

371 4036 418 4084 ‘In
436 4052 560 4085 summum
579 4039 722 4098 pontificem
738 4039 834 4089 electus
860 4043 996 4105 ipsumque
1019 4050 1096 4095 certae
1119 4048 1255 4109 custodiar,
1277 4050 1323 4098 ho-

371 4119 408 4155 xr.
427 4106 479 4157 kal.
501 4108 622 4157 Februar.
645 4107 689 4170 [22
707 4109 791 4172 Jan.]‚
809 4111 835 4159 in
860 4119 939 4162 nestae
956 4119 1049 4178 tamen,
1067 4117 1093 4164 in
1110 4117 1182 4166 curia
1196 4132 1244 4167 sua
1255 4135 1322 4168 com·

371 4176 433 4225 urbe
445 4182 484 4226 est
501 4182 644 4228 coronatus.
681 4178 734 4229 Qui
749 4181 835 4229 statim
860 4183 1007 4234 mandavit!
