2918 4866
366 359 433 425 234
624 375 871 425 courrnus‘rro
894 376 1070 426 ennourcr

206 556 314 607 Theklng
368 542 524 618 excepto.
578 535 749 600 Dominus
770 554 832 599 rex
850 532 1003 616 Angliae,
1017 552 1089 599 una
1105 552 1182 599 cum
1198 532 1322 614 regina

205 608 337 709 iiidiss.
368 643 403 700 et
420 637 532 701 tribus
547 634 685 699 filiabus
701 636 788 713 suia,
805 642 888 700 vota
903 635 939 699 in
957 654 1085 717 guerra
1098 653 1165 699 sua
1179 632 1321 699 Walliaa

367 736 461 802 iacta
479 737 556 800 Deo
571 743 605 800 et
626 743 749 801 sancto
764 737 942 800 soluturus
959 735 1175 811 Eadmundo,
1189 750 1230 798 x,
1246 731 1319 797 kal.

369 835 491 901 Martii
522 836 581 919 [20
603 835 704 925 Feb]
731 856 809 900 cum
836 855 964 918 magna
992 835 1175 901 devotione
1200 842 1236 899 et
1265 852 1320 897 re·

367 936 525 1001 verentia
546 936 670 1000 ibidem
695 936 855 1014 accessit,
876 936 943 1001 iter
967 937 1003 1001 in
1027 933 1180 1001 crastino
1196 952 1318 1000 versus

368 1035 602 1115 Norsolcbam,
622 1037 682 1100 ubi
711 1056 842 1101 moram
867 1056 930 1119 per
956 1043 1067 1101 totam
1089 1035 1200 1102 traxit
1218 1034 1318 1113 Qua·

367 1136 597 1218 dragesimam
612 1145 825 1219 sequentem,
841 1144 1054 1221 arrepturus.
1086 1135 1158 1214 Qui
1177 1134 1318 1218 quidem

367 1255 506 1300 suorum
548 1237 830 1320 diversorumque
872 1237 1129 1319 progenitorum
1175 1255 1317 1300 suorum

367 1337 587 1401 munimentis
612 1337 648 1400 in
674 1337 769 1402 nullo
801 1336 996 1416 deferendo,
1027 1335 1193 1420 pondera,
1222 1355 1318 1400 men-

366 1456 467 1501 suras
489 1443 524 1501 et
550 1437 651 1501 ulnas
667 1438 760 1502 villae
783 1437 819 1503 S.
837 1436 1031 1502 Eadmundi
1052 1457 1114 1520 per
1134 1435 1318 1501 marescal-

365 1536 437 1601 lum
455 1557 554 1602 suum
578 1557 829 1616 mensurarum,
844 1537 937 1621 quod
957 1545 1112 1621 tempore
1131 1537 1242 1620 patris
1262 1537 1317 1600 sui

366 1637 431 1702 hoc
462 1637 568 1702 semel
599 1638 729 1702 factum
759 1639 873 1702 fuerat
900 1646 973 1703 tum
1006 1637 1204 1719 allegand0,
1235 1636 1318 1701 iecit

365 1738 568 1803 examinari.
616 1738 894 1804 Emolumentum
926 1747 1041 1804 tamen
1072 1758 1117 1802 ex
1143 1737 1204 1801 illo
1228 1737 1317 1813 visu,

365 1839 587 1921 omniumque
601 1839 739 1904 visuum
761 1840 797 1903 in
819 1839 1028 1904 adventibus
1054 1839 1184 1903 suiset
1206 1836 1316 1901 baere-

364 1938 445 2002 dum
473 1958 613 2003 suorum
636 1939 865 2023 proveniens,
879 1938 1089 2022 reparationi
1117 1945 1153 2003 et
1173 1937 1316 2002 decora-

364 2040 449 2104 tioni
472 2039 589 2104 feretri
610 2041 725 2105 sancti
746 2040 918 2105 concessit
932 2038 1138 2116 Eadmundi,
1159 2046 1194 2104 et
1216 2044 1316 2103 carta

364 2158 429 2204 sua
450 2140 678 2204 confirmavit.
730 2141 776 2205 Et
792 2140 873 2222 quia
895 2139 1041 2204 sacrista
1063 2147 1098 2204 et
1120 2137 1240 2203 ballivi
1260 2139 1317 2203 sui

364 2259 426 2320 per
441 2240 630 2321 burgenses
646 2239 740 2304 villae
762 2240 965 2322 allegantes,
989 2239 1083 2323 quod
1105 2238 1141 2303 in
1163 2239 1316 2304 adventu

365 2345 500 2401 tantum
538 2339 634 2420 regio
674 2339 873 2422 hujusmodi
904 2340 999 2405 visus
1030 2338 1104 2403 fieri
1134 2339 1313 2416 debuerat,

363 2437 531 2504 hactenus
545 2439 727 2522 praepediti
741 2441 931 2505 extiterunt
946 2459 968 2504 a
984 2458 1221 2505 mensurarum
1236 2438 1315 2505 visu

363 2538 532 2617 iaciendo,
563 2540 757 2605 ordinatum
784 2548 849 2618 est,
880 2561 943 2624 per
976 2540 1157 2605 consilium
1185 2539 1316 2603 domini

364 2640 456 2721 regis
471 2650 506 2703 et
524 2641 691 2716 sacristae,
715 2641 781 2704 snb
802 2641 956 2722 periculo
978 2640 1149 2704 libertatis
1165 2639 1258 2704 villae
1277 2640 1314 2704 in

365 2759 503 2803 manum
517 2740 645 2805 domini
661 2741 751 2821 regis
774 2740 962 2823 capiendae,
977 2748 1149 2823 quatenus
1165 2739 1314 2822 singulis

364 2841 462 2904 annis
493 2841 546 2904 bis
583 2840 781 2924 hujusmodi
817 2839 1110 2906 examinationem
1142 2839 1313 2918 faciendo,

363 2941 551 3021 burgenses
583 2941 738 3024 aliosque
767 2940 809 3004 de
838 2941 923 3005 villa
948 2940 991 3004 ad
1019 2940 1198 3023 corporale
1225 2959 1318 3023 prae·

362 3040 525 3104 standum
542 3042 728 3124 compellat
742 3047 1015 3120 sacramentum
1038 3039 1315 3105 contradicentes

363 3141 473 3222 primo
496 3161 557 3222 per
579 3141 772 3223 pecuniam,
787 3141 951 3218 secundo,
969 3141 1000 3204 si
1022 3139 1134 3223 major
1156 3141 1314 3205 extiterit

363 3242 592 3318 contumacia,
626 3262 689 3326 per
716 3240 1035 3317 incarcerationem,
1067 3241 1176 3305 donec
1207 3259 1312 3324 super

364 3358 480 3407 eorum
508 3342 782 3422 transgressione
808 3362 871 3406 rex
894 3341 1107 3417 consulatur,
1127 3340 1313 3423 puniendo.

364 3440 514 3504 Domino
542 3461 634 3522 rege,
656 3447 696 3505 ut
721 3440 852 3505 dietum
882 3449 948 3518 est,
974 3442 1010 3506 in
1039 3442 1196 3523 partibus
1216 3440 1311 3506 Nor·

203 3565 331 3624 rownsnen
363 3539 500 3604 solcbiae
523 3559 656 3604 moram
681 3541 839 3618 faciente,
865 3548 942 3606 tota
964 3541 1192 3606 communitas
1218 3541 1314 3606 villae

201 3615 334 3714 iiilldllt
364 3638 523 3723 Gipwyc,
543 3640 634 3724 apud
655 3642 769 3724 ipsum
793 3661 910 3725 regem
931 3640 1076 3705 diversis
1102 3640 1313 3705 facinoribus

202 3717 315 3755 “mmm
347 3748 538 3818 accusata,
556 3742 641 3806 etin
658 3761 785 3824 magna
800 3750 899 3824 parte
916 3742 1088 3820 convicta,
1104 3739 1140 3805 in
1158 3741 1314 3806 maxima

361 3841 516 3924 pecuniae
544 3861 678 3906 summa
706 3849 759 3907 est
791 3843 1038 3916 condemnata;
1080 3848 1115 3906 et
1142 3847 1313 3923 praeterea

361 3958 444 4006 x111.
473 3942 516 4006 de
545 3942 743 4007 melioribus
777 3943 884 4007 totius
916 3942 1008 4008 villae
1040 3961 1102 4025 per
1131 3940 1311 4006 dimidium

360 4060 487 4106 anuum
515 4063 576 4126 per
606 4042 743 4108 diversa
769 4041 906 4125 Angliae
933 4044 1009 4107 loca
1037 4041 1202 4106 carcerali
1228 4047 1312 4106 sunt

199 4161 347 4203 Waruetween
360 4144 526 4208 custodiae
542 4144 710 4227 deputati.
740 4143 934 4227 Philippus,
953 4163 1015 4207 rex
1033 4143 1202 4220 Franciae,
1217 4141 1312 4207 circa
