<?xml version="1.0" encoding="UTF-8"?>
<!DOCTYPE html PUBLIC "-//W3C//DTD XHTML 1.0 Transitional//EN"
    "http://www.w3.org/TR/xhtml1/DTD/xhtml1-transitional.dtd">
<html xmlns="http://www.w3.org/1999/xhtml" xml:lang="en" lang="en">
 <head>
  <title>
</title>
<meta http-equiv="Content-Type" content="text/html;charset=utf-8" />
  <meta name='ocr-system' content='tesseract 3.04.00' />
  <meta name='ocr-capabilities' content='ocr_page ocr_carea ocr_par ocr_line ocrx_word'/>
</head>
<body>
  <div class='ocr_page' id='page_1' title='image "./florentiiwigorn02florgoog_0050.png"; bbox 0 0 2918 4866; ppageno 0'>
   <div class='ocr_carea' id='block_1_1' title="bbox 394 381 1121 445">
    <p class='ocr_par' dir='ltr' id='par_1_1' title="bbox 394 381 1121 445">
     <span class='ocr_line' id='line_1_1' title="bbox 394 381 1121 445; baseline 0.007 -5"><span class='ocrx_word' id='word_1_1' title='bbox 394 392 588 440; x_wconf 79' lang='lat' dir='ltr'><strong>rnonnurrr</strong></span> <span class='ocrx_word' id='word_1_2' title='bbox 617 391 897 442; x_wconf 77' lang='lat' dir='ltr'><strong>wmonnruusrs.</strong></span> <span class='ocrx_word' id='word_1_3' title='bbox 1076 381 1121 445; x_wconf 74' lang='lat'><strong>23</strong></span> 
     </span>
    </p>
   </div>
   <div class='ocr_carea' id='block_1_2' title="bbox 165 549 1120 4241">
    <p class='ocr_par' dir='ltr' id='par_1_2' title="bbox 165 549 1120 4241">
     <span class='ocr_line' id='line_1_2' title="bbox 169 549 1120 634; baseline 0.005 -22"><span class='ocrx_word' id='word_1_4' title='bbox 169 554 260 614; x_wconf 89' lang='lat' dir='ltr'><strong>terat</strong></span> <span class='ocrx_word' id='word_1_5' title='bbox 278 549 571 628; x_wconf 88' lang='lat' dir='ltr'><strong>Normannorum,</strong></span> <span class='ocrx_word' id='word_1_6' title='bbox 596 550 656 614; x_wconf 90' lang='lat' dir='ltr'><strong>sed</strong></span> <span class='ocrx_word' id='word_1_7' title='bbox 685 557 799 615; x_wconf 91' lang='lat' dir='ltr'><strong>tamen</strong></span> <span class='ocrx_word' id='word_1_8' title='bbox 823 553 973 616; x_wconf 82' lang='lat' dir='ltr'><strong>maxime</strong></span> <span class='ocrx_word' id='word_1_9' title='bbox 987 552 1120 634; x_wconf 81' lang='lat' dir='ltr'><strong>Anglo-</strong></span> 
     </span>
     <span class='ocr_line' id='line_1_3' title="bbox 168 651 1118 734; baseline 0.006 -24"><span class='ocrx_word' id='word_1_10' title='bbox 168 667 258 726; x_wconf 91' lang='lat' dir='ltr'><strong>rum,</strong></span> <span class='ocrx_word' id='word_1_11' title='bbox 274 651 425 732; x_wconf 80' lang='lat' dir='ltr'><strong>equestri</strong></span> <span class='ocrx_word' id='word_1_12' title='bbox 436 659 470 714; x_wconf 91' lang='lat' dir='ltr'><strong>et</strong></span> <span class='ocrx_word' id='word_1_13' title='bbox 486 651 646 734; x_wconf 80' lang='lat' dir='ltr'><strong>pedestri,</strong></span> <span class='ocrx_word' id='word_1_14' title='bbox 660 651 741 717; x_wconf 89' lang='lat' dir='ltr'><strong>licet</strong></span> <span class='ocrx_word' id='word_1_15' title='bbox 758 652 933 730; x_wconf 89' lang='lat' dir='ltr'><strong>mediocri,</strong></span> <span class='ocrx_word' id='word_1_16' title='bbox 949 653 1118 731; x_wconf 82' lang='lat' dir='ltr'><strong>exercitu,</strong></span> 
     </span>
     <span class='ocr_line' id='line_1_4' title="bbox 167 750 1118 834; baseline 0.007 -23"><span class='ocrx_word' id='word_1_17' title='bbox 167 755 325 814; x_wconf 87' lang='lat' dir='ltr'><strong>statuens</strong></span> <span class='ocrx_word' id='word_1_18' title='bbox 340 751 448 833; x_wconf 85' lang='lat' dir='ltr'><strong>leges,</strong></span> <span class='ocrx_word' id='word_1_19' title='bbox 464 751 668 834; x_wconf 89' lang='lat' dir='ltr'><strong>promittens</strong></span> <span class='ocrx_word' id='word_1_20' title='bbox 683 750 876 817; x_wconf 84' lang='lat' dir='ltr'><strong>fautoribus</strong></span> <span class='ocrx_word' id='word_1_21' title='bbox 887 754 1004 817; x_wconf 89' lang='lat' dir='ltr'><strong>omnia</strong></span> <span class='ocrx_word' id='word_1_22' title='bbox 1016 754 1118 829; x_wconf 91' lang='lat' dir='ltr'><strong>bona,</strong></span> 
     </span>
     <span class='ocr_line' id='line_1_5' title="bbox 169 845 1119 938; baseline 0.007 -27"><span class='ocrx_word' id='word_1_23' title='bbox 169 845 278 914; x_wconf 83' lang='lat' dir='ltr'><strong>fretus</strong></span> <span class='ocrx_word' id='word_1_24' title='bbox 295 851 363 916; x_wconf 91' lang='lat' dir='ltr'><strong>Dei</strong></span> <span class='ocrx_word' id='word_1_25' title='bbox 378 851 572 927; x_wconf 90' lang='lat' dir='ltr'><strong>clementia,</strong></span> <span class='ocrx_word' id='word_1_26' title='bbox 593 870 663 938; x_wconf 88' lang='lat' dir='ltr'><strong>qua</strong></span> <span class='ocrx_word' id='word_1_27' title='bbox 685 851 851 935; x_wconf 89' lang='lat' dir='ltr'><strong>majorem</strong></span> <span class='ocrx_word' id='word_1_28' title='bbox 874 853 1025 917; x_wconf 86' lang='lat' dir='ltr'><strong>bostium</strong></span> <span class='ocrx_word' id='word_1_29' title='bbox 1043 873 1119 918; x_wconf 87' lang='lat' dir='ltr'><strong>esse</strong></span> 
     </span>
     <span class='ocr_line' id='line_1_6' title="bbox 168 950 1118 1036; baseline 0.006 -24"><span class='ocrx_word' id='word_1_30' title='bbox 168 950 332 1015; x_wconf 79' lang='lat' dir='ltr'><strong>audiebat</strong></span> <span class='ocrx_word' id='word_1_31' title='bbox 354 951 619 1029; x_wconf 88' lang='lat' dir='ltr'><strong>multitudinem,</strong></span> <span class='ocrx_word' id='word_1_32' title='bbox 640 951 781 1016; x_wconf 91' lang='lat' dir='ltr'><strong>tendere</strong></span> <span class='ocrx_word' id='word_1_33' title='bbox 806 952 975 1036; x_wconf 80' lang='lat' dir='ltr'><strong>disposuit</strong></span> <span class='ocrx_word' id='word_1_34' title='bbox 1001 953 1118 1018; x_wconf 86' lang='lat' dir='ltr'><strong>Reve-</strong></span> 
     </span>
     <span class='ocr_line' id='line_1_7' title="bbox 168 1051 1119 1137; baseline 0.003 -23"><span class='ocrx_word' id='word_1_35' title='bbox 168 1058 349 1116; x_wconf 90' lang='lat' dir='ltr'><strong>ceastram.</strong></span> <span class='ocrx_word' id='word_1_36' title='bbox 402 1051 566 1117; x_wconf 82' lang='lat' dir='ltr'><strong>Relatum</strong></span> <span class='ocrx_word' id='word_1_37' title='bbox 591 1053 682 1117; x_wconf 93' lang='lat' dir='ltr'><strong>enim</strong></span> <span class='ocrx_word' id='word_1_38' title='bbox 710 1060 785 1117; x_wconf 87' lang='lat' dir='ltr'><strong>erat</strong></span> <span class='ocrx_word' id='word_1_39' title='bbox 807 1053 850 1129; x_wconf 91' lang='lat' dir='ltr'><strong>ei,</strong></span> <span class='ocrx_word' id='word_1_40' title='bbox 874 1054 921 1116; x_wconf 92' lang='lat' dir='ltr'><strong>ibi</strong></span> <span class='ocrx_word' id='word_1_41' title='bbox 947 1072 1022 1118; x_wconf 90' lang='lat' dir='ltr'><strong>esse</strong></span> <span class='ocrx_word' id='word_1_42' title='bbox 1045 1055 1119 1137; x_wconf 89' lang='lat' dir='ltr'><strong>epi·</strong></span> 
     </span>
     <span class='ocr_line' id='line_1_8' title="bbox 167 1151 1117 1233; baseline 0.005 -21"><span class='ocrx_word' id='word_1_43' title='bbox 167 1169 310 1233; x_wconf 86' lang='lat' dir='ltr'><strong>scopum</strong></span> <span class='ocrx_word' id='word_1_44' title='bbox 333 1151 489 1216; x_wconf 89' lang='lat' dir='ltr'><strong>Odonem</strong></span> <span class='ocrx_word' id='word_1_45' title='bbox 510 1171 589 1216; x_wconf 92' lang='lat' dir='ltr'><strong>cum</strong></span> <span class='ocrx_word' id='word_1_46' title='bbox 613 1153 772 1217; x_wconf 88' lang='lat' dir='ltr'><strong>omnibus</strong></span> <span class='ocrx_word' id='word_1_47' title='bbox 787 1153 872 1230; x_wconf 88' lang='lat' dir='ltr'><strong>suis,</strong></span> <span class='ocrx_word' id='word_1_48' title='bbox 888 1160 923 1217; x_wconf 90' lang='lat' dir='ltr'><strong>et</strong></span> <span class='ocrx_word' id='word_1_49' title='bbox 941 1153 1117 1218; x_wconf 91' lang='lat' dir='ltr'><strong>cohortem</strong></span> 
     </span>
     <span class='ocr_line' id='line_1_9' title="bbox 167 1243 1119 1337; baseline 0.005 -24"><span class='ocrx_word' id='word_1_50' title='bbox 167 1249 440 1316; x_wconf 88' lang='lat' dir='ltr'><strong>ultramarinam.</strong></span> <span class='ocrx_word' id='word_1_51' title='bbox 466 1251 582 1317; x_wconf 81' lang='lat' dir='ltr'><strong>&#39;Hinc</strong></span> <span class='ocrx_word' id='word_1_52' title='bbox 603 1243 706 1333; x_wconf 82' lang='lat' dir='ltr'><strong>signa</strong></span> <span class='ocrx_word' id='word_1_53' title='bbox 724 1272 880 1331; x_wconf 79' lang='lat' dir='ltr'><strong>morene,</strong></span> <span class='ocrx_word' id='word_1_54' title='bbox 897 1263 1119 1337; x_wconf 90' lang='lat' dir='ltr'><strong>coeptumque</strong></span> 
     </span>
     <span class='ocr_line' id='line_1_10' title="bbox 167 1350 1119 1437; baseline 0.004 -23"><span class='ocrx_word' id='word_1_55' title='bbox 167 1352 373 1433; x_wconf 79' lang='lat' dir='ltr'><strong>aggrediens</strong></span> <span class='ocrx_word' id='word_1_56' title='bbox 389 1352 467 1429; x_wconf 90' lang='lat' dir='ltr'><strong>iter,</strong></span> <span class='ocrx_word' id='word_1_57' title='bbox 482 1350 773 1436; x_wconf 80' lang='lat' dir='ltr'><strong>Tunebrycgiam,</strong></span> <span class='ocrx_word' id='word_1_58' title='bbox 788 1353 845 1417; x_wconf 89' lang='lat' dir='ltr'><strong>cui</strong></span> <span class='ocrx_word' id='word_1_59' title='bbox 860 1364 1007 1437; x_wconf 83' lang='lat' dir='ltr'><strong>praeerat</strong></span> <span class='ocrx_word' id='word_1_60' title='bbox 1023 1352 1119 1419; x_wconf 82' lang='lat' dir='ltr'><strong>Gile-</strong></span> 
     </span>
     <span class='ocr_line' id='line_1_11' title="bbox 167 1451 1117 1530; baseline 0.004 -15"><span class='ocrx_word' id='word_1_61' title='bbox 167 1451 287 1516; x_wconf 84' lang='lat' dir='ltr'><strong>bertus</strong></span> <span class='ocrx_word' id='word_1_62' title='bbox 318 1452 409 1516; x_wconf 87' lang='lat' dir='ltr'><strong>lilius</strong></span> <span class='ocrx_word' id='word_1_63' title='bbox 445 1452 600 1530; x_wconf 90' lang='lat' dir='ltr'><strong>Ricardi,</strong></span> <span class='ocrx_word' id='word_1_64' title='bbox 624 1454 835 1520; x_wconf 86' lang='lat' dir='ltr'><strong>contrarium</strong></span> <span class='ocrx_word' id='word_1_65' title='bbox 865 1455 931 1518; x_wconf 91' lang='lat' dir='ltr'><strong>sibi</strong></span> <span class='ocrx_word' id='word_1_66' title='bbox 963 1456 1117 1520; x_wconf 91' lang='lat' dir='ltr'><strong>invenit:</strong></span> 
     </span>
     <span class='ocr_line' id='line_1_12' title="bbox 166 1551 1119 1636; baseline 0.003 -20"><span class='ocrx_word' id='word_1_67' title='bbox 166 1551 314 1630; x_wconf 88' lang='lat' dir='ltr'><strong>obsedit,</strong></span> <span class='ocrx_word' id='word_1_68' title='bbox 341 1553 377 1616; x_wconf 94' lang='lat' dir='ltr'><strong>in</strong></span> <span class='ocrx_word' id='word_1_69' title='bbox 400 1552 506 1617; x_wconf 92' lang='lat' dir='ltr'><strong>biduo</strong></span> <span class='ocrx_word' id='word_1_70' title='bbox 529 1555 757 1636; x_wconf 83' lang='lat' dir='ltr'><strong>expugnavit,</strong></span> <span class='ocrx_word' id='word_1_71' title='bbox 780 1554 999 1618; x_wconf 87' lang='lat' dir='ltr'><strong>vulneratum</strong></span> <span class='ocrx_word' id='word_1_72' title='bbox 1023 1553 1119 1619; x_wconf 81' lang='lat' dir='ltr'><strong>Gile-</strong></span> 
     </span>
     <span class='ocr_line' id='line_1_13' title="bbox 165 1653 1118 1735; baseline 0.004 -20"><span class='ocrx_word' id='word_1_73' title='bbox 165 1653 302 1717; x_wconf 86' lang='lat' dir='ltr'><strong>bertum</strong></span> <span class='ocrx_word' id='word_1_74' title='bbox 316 1672 394 1718; x_wconf 87' lang='lat' dir='ltr'><strong>curn</strong></span> <span class='ocrx_word' id='word_1_75' title='bbox 409 1653 554 1718; x_wconf 88' lang='lat' dir='ltr'><strong>castello</strong></span> <span class='ocrx_word' id='word_1_76' title='bbox 566 1653 610 1717; x_wconf 89' lang='lat' dir='ltr'><strong>ad</strong></span> <span class='ocrx_word' id='word_1_77' title='bbox 627 1653 835 1718; x_wconf 90' lang='lat' dir='ltr'><strong>deditionem</strong></span> <span class='ocrx_word' id='word_1_78' title='bbox 847 1655 972 1735; x_wconf 82' lang='lat' dir='ltr'><strong>coegit.</strong></span> <span class='ocrx_word' id='word_1_79' title='bbox 1008 1654 1118 1719; x_wconf 88' lang='lat' dir='ltr'><strong>Fama</strong></span> 
     </span>
     <span class='ocr_line' id='line_1_14' title="bbox 168 1752 1117 1836; baseline 0.002 -20"><span class='ocrx_word' id='word_1_80' title='bbox 168 1752 289 1817; x_wconf 83' lang='lat' dir='ltr'><strong>volans</strong></span> <span class='ocrx_word' id='word_1_81' title='bbox 315 1753 400 1818; x_wconf 91' lang='lat' dir='ltr'><strong>dicti</strong></span> <span class='ocrx_word' id='word_1_82' title='bbox 424 1753 584 1836; x_wconf 83' lang='lat' dir='ltr'><strong>pervenit</strong></span> <span class='ocrx_word' id='word_1_83' title='bbox 610 1754 742 1818; x_wconf 90' lang='lat' dir='ltr'><strong>Odonis</strong></span> <span class='ocrx_word' id='word_1_84' title='bbox 767 1754 811 1818; x_wconf 89' lang='lat' dir='ltr'><strong>ad</strong></span> <span class='ocrx_word' id='word_1_85' title='bbox 835 1773 949 1832; x_wconf 75' lang='lat' dir='ltr'><strong>auree,</strong></span> <span class='ocrx_word' id='word_1_86' title='bbox 974 1761 1010 1818; x_wconf 94' lang='lat' dir='ltr'><strong>et</strong></span> <span class='ocrx_word' id='word_1_87' title='bbox 1039 1774 1117 1818; x_wconf 91' lang='lat' dir='ltr'><strong>cum</strong></span> 
     </span>
     <span class='ocr_line' id='line_1_15' title="bbox 166 1852 1117 1936; baseline 0.002 -21"><span class='ocrx_word' id='word_1_88' title='bbox 166 1853 269 1916; x_wconf 87' lang='lat' dir='ltr'><strong>sociis</strong></span> <span class='ocrx_word' id='word_1_89' title='bbox 299 1853 386 1918; x_wconf 87' lang='lat' dir='ltr'><strong>inito</strong></span> <span class='ocrx_word' id='word_1_90' title='bbox 415 1852 570 1931; x_wconf 93' lang='lat' dir='ltr'><strong>consilio,</strong></span> <span class='ocrx_word' id='word_1_91' title='bbox 603 1853 800 1936; x_wconf 89' lang='lat' dir='ltr'><strong>relinquens</strong></span> <span class='ocrx_word' id='word_1_92' title='bbox 831 1855 1117 1931; x_wconf 87' lang='lat' dir='ltr'><strong>Reveceastrem,</strong></span> 
     </span>
     <span class='ocr_line' id='line_1_16' title="bbox 166 1941 1118 2035; baseline 0.004 -21"><span class='ocrx_word' id='word_1_93' title='bbox 166 1970 246 2015; x_wconf 92' lang='lat' dir='ltr'><strong>cum</strong></span> <span class='ocrx_word' id='word_1_94' title='bbox 266 1953 395 2035; x_wconf 86' lang='lat' dir='ltr'><strong>paucis</strong></span> <span class='ocrx_word' id='word_1_95' title='bbox 425 1952 511 2017; x_wconf 91' lang='lat' dir='ltr'><strong>adiit</strong></span> <span class='ocrx_word' id='word_1_96' title='bbox 539 1941 692 2018; x_wconf 89' lang='lat' dir='ltr'><strong>castrum</strong></span> <span class='ocrx_word' id='word_1_97' title='bbox 722 1953 840 2018; x_wconf 85' lang='lat' dir='ltr'><strong>fratris</strong></span> <span class='ocrx_word' id='word_1_98' title='bbox 873 1954 927 2019; x_wconf 91' lang='lat' dir='ltr'><strong>sui</strong></span> <span class='ocrx_word' id='word_1_99' title='bbox 956 1955 1118 2019; x_wconf 87' lang='lat' dir='ltr'><strong>Rotberti</strong></span> 
     </span>
     <span class='ocr_line' id='line_1_17' title="bbox 168 2049 1117 2134; baseline 0.002 -19"><span class='ocrx_word' id='word_1_100' title='bbox 168 2049 419 2117; x_wconf 88' lang='lat' dir='ltr'><strong>Moritunensis</strong></span> <span class='ocrx_word' id='word_1_101' title='bbox 448 2052 598 2131; x_wconf 90' lang='lat' dir='ltr'><strong>comitis,</strong></span> <span class='ocrx_word' id='word_1_102' title='bbox 629 2053 720 2134; x_wconf 92' lang='lat' dir='ltr'><strong>quod</strong></span> <span class='ocrx_word' id='word_1_103' title='bbox 755 2054 954 2118; x_wconf 89' lang='lat' dir='ltr'><strong>Pevenesea</strong></span> <span class='ocrx_word' id='word_1_104' title='bbox 981 2054 1117 2133; x_wconf 91' lang='lat' dir='ltr'><strong>dicitur,</strong></span> 
     </span>
     <span class='ocr_line' id='line_1_18' title="bbox 166 2151 1118 2238; baseline 0.001 -22"><span class='ocrx_word' id='word_1_105' title='bbox 166 2151 377 2235; x_wconf 82' lang='lat' dir='ltr'><strong>fratremque</strong></span> <span class='ocrx_word' id='word_1_106' title='bbox 394 2154 580 2238; x_wconf 89' lang='lat' dir='ltr'><strong>reperiens,</strong></span> <span class='ocrx_word' id='word_1_107' title='bbox 597 2173 675 2217; x_wconf 91' lang='lat' dir='ltr'><strong>eum</strong></span> <span class='ocrx_word' id='word_1_108' title='bbox 693 2159 733 2217; x_wconf 91' lang='lat' dir='ltr'><strong>ut</strong></span> <span class='ocrx_word' id='word_1_109' title='bbox 754 2173 792 2218; x_wconf 89' lang='lat' dir='ltr'><strong>se</strong></span> <span class='ocrx_word' id='word_1_110' title='bbox 814 2161 931 2219; x_wconf 89' lang='lat' dir='ltr'><strong>teneat</strong></span> <span class='ocrx_word' id='word_1_111' title='bbox 946 2154 1118 2232; x_wconf 88' lang='lat' dir='ltr'><strong>hortatur,</strong></span> 
     </span>
     <span class='ocr_line' id='line_1_19' title="bbox 167 2252 1116 2336; baseline 0.002 -20"><span class='ocrx_word' id='word_1_112' title='bbox 167 2252 335 2333; x_wconf 84' lang='lat' dir='ltr'><strong>pollicens</strong></span> <span class='ocrx_word' id='word_1_113' title='bbox 351 2272 390 2318; x_wconf 90' lang='lat' dir='ltr'><strong>se</strong></span> <span class='ocrx_word' id='word_1_114' title='bbox 405 2272 547 2318; x_wconf 88' lang='lat' dir='ltr'><strong>securos</strong></span> <span class='ocrx_word' id='word_1_115' title='bbox 563 2253 612 2317; x_wconf 94' lang='lat' dir='ltr'><strong>ibi</strong></span> <span class='ocrx_word' id='word_1_116' title='bbox 628 2272 730 2336; x_wconf 88' lang='lat' dir='ltr'><strong>posse</strong></span> <span class='ocrx_word' id='word_1_117' title='bbox 746 2273 833 2331; x_wconf 91' lang='lat' dir='ltr'><strong>esse,</strong></span> <span class='ocrx_word' id='word_1_118' title='bbox 848 2260 884 2317; x_wconf 92' lang='lat' dir='ltr'><strong>et</strong></span> <span class='ocrx_word' id='word_1_119' title='bbox 899 2254 981 2316; x_wconf 91' lang='lat' dir='ltr'><strong>dum</strong></span> <span class='ocrx_word' id='word_1_120' title='bbox 996 2275 1058 2319; x_wconf 84' lang='lat' dir='ltr'><strong>rex</strong></span> <span class='ocrx_word' id='word_1_121' title='bbox 1074 2254 1116 2319; x_wconf 89' lang='lat' dir='ltr'><strong>ad</strong></span> 
     </span>
     <span class='ocr_line' id='line_1_20' title="bbox 166 2352 1118 2435; baseline 0.002 -20"><span class='ocrx_word' id='word_1_122' title='bbox 166 2353 434 2435; x_wconf 72' lang='lat' dir='ltr'><strong>expugnandam</strong></span> <span class='ocrx_word' id='word_1_123' title='bbox 467 2353 740 2418; x_wconf 81' lang='lat' dir='ltr'><strong>Reveceastram</strong></span> <span class='ocrx_word' id='word_1_124' title='bbox 776 2352 983 2431; x_wconf 89' lang='lat' dir='ltr'><strong>intenderet,</strong></span> <span class='ocrx_word' id='word_1_125' title='bbox 1011 2355 1118 2419; x_wconf 92' lang='lat' dir='ltr'><strong>comi·</strong></span> 
     </span>
     <span class='ocr_line' id='line_1_21' title="bbox 166 2453 1118 2535; baseline 0.002 -20"><span class='ocrx_word' id='word_1_126' title='bbox 166 2458 237 2516; x_wconf 92' lang='lat' dir='ltr'><strong>tem</strong></span> <span class='ocrx_word' id='word_1_127' title='bbox 259 2453 295 2518; x_wconf 95' lang='lat' dir='ltr'>N</span> <span class='ocrx_word' id='word_1_128' title='bbox 297 2454 485 2518; x_wconf 87' lang='lat' dir='ltr'><strong>ermanniee</strong></span> <span class='ocrx_word' id='word_1_129' title='bbox 501 2473 579 2518; x_wconf 93' lang='lat' dir='ltr'><strong>cum</strong></span> <span class='ocrx_word' id='word_1_130' title='bbox 604 2473 731 2535; x_wconf 82' lang='lat' dir='ltr'><strong>magno</strong></span> <span class='ocrx_word' id='word_1_131' title='bbox 749 2454 904 2518; x_wconf 82' lang='lat' dir='ltr'><strong>exercitu</strong></span> <span class='ocrx_word' id='word_1_132' title='bbox 923 2460 1118 2531; x_wconf 91' lang='lat' dir='ltr'><strong>venturum,</strong></span> 
     </span>
     <span class='ocr_line' id='line_1_22' title="bbox 167 2554 1117 2636; baseline 0.001 -20"><span class='ocrx_word' id='word_1_133' title='bbox 167 2571 273 2635; x_wconf 88' lang='lat' dir='ltr'><strong>seque</strong></span> <span class='ocrx_word' id='word_1_134' title='bbox 295 2572 447 2636; x_wconf 87' lang='lat' dir='ltr'><strong>suosque</strong></span> <span class='ocrx_word' id='word_1_135' title='bbox 468 2555 704 2630; x_wconf 89' lang='lat' dir='ltr'><strong>liberaturum,</strong></span> <span class='ocrx_word' id='word_1_136' title='bbox 727 2560 762 2618; x_wconf 93' lang='lat' dir='ltr'><strong>et</strong></span> <span class='ocrx_word' id='word_1_137' title='bbox 784 2572 912 2635; x_wconf 84' lang='lat' dir='ltr'><strong>magna</strong></span> <span class='ocrx_word' id='word_1_138' title='bbox 925 2554 1117 2618; x_wconf 85' lang='lat' dir='ltr'><strong>fautoribus</strong></span> 
     </span>
     <span class='ocr_line' id='line_1_23' title="bbox 166 2653 1116 2737; baseline 0 -21"><span class='ocrx_word' id='word_1_139' title='bbox 166 2653 240 2716; x_wconf 89' lang='lat' dir='ltr'><strong>suis</strong></span> <span class='ocrx_word' id='word_1_140' title='bbox 265 2654 379 2719; x_wconf 87' lang='lat' dir='ltr'><strong>dando</strong></span> <span class='ocrx_word' id='word_1_141' title='bbox 401 2655 556 2737; x_wconf 82' lang='lat' dir='ltr'><strong>praemia,</strong></span> <span class='ocrx_word' id='word_1_142' title='bbox 581 2672 726 2735; x_wconf 83' lang='lat' dir='ltr'><strong>regnum</strong></span> <span class='ocrx_word' id='word_1_143' title='bbox 748 2660 983 2734; x_wconf 87' lang='lat' dir='ltr'><strong>accepturum.</strong></span> <span class='ocrx_word' id='word_1_144' title='bbox 1036 2654 1116 2717; x_wconf 84' lang='lat' dir='ltr'><strong>Rex</strong></span> 
     </span>
     <span class='ocr_line' id='line_1_24' title="bbox 165 2752 1117 2837; baseline 0.002 -22"><span class='ocrx_word' id='word_1_145' title='bbox 165 2752 283 2834; x_wconf 81' lang='lat' dir='ltr'><strong>igitur,</strong></span> <span class='ocrx_word' id='word_1_146' title='bbox 299 2760 504 2837; x_wconf 84' lang='lat' dir='ltr'><strong>expugnata</strong></span> <span class='ocrx_word' id='word_1_147' title='bbox 516 2752 773 2836; x_wconf 84' lang='lat' dir='ltr'><strong>Tuuebrycgia‚</strong></span> <span class='ocrx_word' id='word_1_148' title='bbox 784 2760 820 2816; x_wconf 89' lang='lat' dir='ltr'><strong>et</strong></span> <span class='ocrx_word' id='word_1_149' title='bbox 835 2753 879 2815; x_wconf 92' lang='lat' dir='ltr'><strong>ab</strong></span> <span class='ocrx_word' id='word_1_150' title='bbox 893 2753 1015 2817; x_wconf 90' lang='lat' dir='ltr'><strong>incolis</strong></span> <span class='ocrx_word' id='word_1_151' title='bbox 1033 2753 1117 2817; x_wconf 90' lang='lat' dir='ltr'><strong>fide-</strong></span> 
     </span>
     <span class='ocr_line' id='line_1_25' title="bbox 165 2851 1118 2938; baseline 0.001 -22"><span class='ocrx_word' id='word_1_152' title='bbox 165 2851 265 2919; x_wconf 82' lang='lat' dir='ltr'><strong>litate</strong></span> <span class='ocrx_word' id='word_1_153' title='bbox 286 2862 441 2938; x_wconf 86' lang='lat' dir='ltr'><strong>accepta,</strong></span> <span class='ocrx_word' id='word_1_154' title='bbox 466 2852 588 2919; x_wconf 90' lang='lat' dir='ltr'><strong>relicto</strong></span> <span class='ocrx_word' id='word_1_155' title='bbox 612 2859 755 2937; x_wconf 86' lang='lat' dir='ltr'><strong>propter</strong></span> <span class='ocrx_word' id='word_1_156' title='bbox 772 2852 897 2917; x_wconf 85' lang='lat' dir='ltr'><strong>vulnus</strong></span> <span class='ocrx_word' id='word_1_157' title='bbox 925 2851 1118 2931; x_wconf 88' lang='lat' dir='ltr'><strong>Gileberto,</strong></span> 
     </span>
     <span class='ocr_line' id='line_1_26' title="bbox 165 2952 1116 3035; baseline 0.001 -19"><span class='ocrx_word' id='word_1_158' title='bbox 165 2962 201 3018; x_wconf 90' lang='lat' dir='ltr'><strong>et</strong></span> <span class='ocrx_word' id='word_1_159' title='bbox 225 2955 370 3020; x_wconf 87' lang='lat' dir='ltr'><strong>castello</strong></span> <span class='ocrx_word' id='word_1_160' title='bbox 386 2955 422 3018; x_wconf 93' lang='lat' dir='ltr'><strong>in</strong></span> <span class='ocrx_word' id='word_1_161' title='bbox 440 2954 600 3020; x_wconf 87' lang='lat' dir='ltr'><strong>custodia</strong></span> <span class='ocrx_word' id='word_1_162' title='bbox 624 2954 751 3030; x_wconf 92' lang='lat' dir='ltr'><strong>locato,</strong></span> <span class='ocrx_word' id='word_1_163' title='bbox 766 2953 878 3017; x_wconf 90' lang='lat' dir='ltr'><strong>iturus</strong></span> <span class='ocrx_word' id='word_1_164' title='bbox 900 2958 939 3017; x_wconf 93' lang='lat' dir='ltr'><strong>ut</strong></span> <span class='ocrx_word' id='word_1_165' title='bbox 957 2952 1116 3035; x_wconf 89' lang='lat' dir='ltr'><strong>disposu-</strong></span> 
     </span>
     <span class='ocr_line' id='line_1_27' title="bbox 165 3052 1116 3136; baseline -0.001 -19"><span class='ocrx_word' id='word_1_166' title='bbox 165 3061 241 3118; x_wconf 88' lang='lat' dir='ltr'><strong>erat</strong></span> <span class='ocrx_word' id='word_1_167' title='bbox 267 3055 552 3132; x_wconf 86' lang='lat' dir='ltr'><strong>Roveceastram,</strong></span> <span class='ocrx_word' id='word_1_168' title='bbox 568 3052 702 3118; x_wconf 80' lang='lat' dir='ltr'><strong>audivit</strong></span> <span class='ocrx_word' id='word_1_169' title='bbox 726 3060 887 3136; x_wconf 85' lang='lat' dir='ltr'><strong>patruum</strong></span> <span class='ocrx_word' id='word_1_170' title='bbox 909 3053 989 3117; x_wconf 92' lang='lat' dir='ltr'><strong>inde</strong></span> <span class='ocrx_word' id='word_1_171' title='bbox 1004 3071 1116 3116; x_wconf 89' lang='lat' dir='ltr'><strong>reces-</strong></span> 
     </span>
     <span class='ocr_line' id='line_1_28' title="bbox 166 3153 1118 3235; baseline -0.001 -18"><span class='ocrx_word' id='word_1_172' title='bbox 166 3155 254 3218; x_wconf 86' lang='lat' dir='ltr'><strong>sisse</strong></span> <span class='ocrx_word' id='word_1_173' title='bbox 275 3162 311 3219; x_wconf 92' lang='lat' dir='ltr'><strong>et</strong></span> <span class='ocrx_word' id='word_1_174' title='bbox 334 3153 687 3219; x_wconf 87' lang='lat' dir='ltr'><strong>Peveneseaadiisse.</strong></span> <span class='ocrx_word' id='word_1_175' title='bbox 734 3153 831 3219; x_wconf 93' lang='lat' dir='ltr'><strong>Inito</strong></span> <span class='ocrx_word' id='word_1_176' title='bbox 852 3154 970 3235; x_wconf 87' lang='lat' dir='ltr'><strong>itaque</strong></span> <span class='ocrx_word' id='word_1_177' title='bbox 988 3153 1118 3217; x_wconf 89' lang='lat' dir='ltr'><strong>salubri</strong></span> 
     </span>
     <span class='ocr_line' id='line_1_29' title="bbox 166 3254 1118 3336; baseline -0.001 -18"><span class='ocrx_word' id='word_1_178' title='bbox 166 3254 323 3333; x_wconf 88' lang='lat' dir='ltr'><strong>consilio,</strong></span> <span class='ocrx_word' id='word_1_179' title='bbox 331 3256 430 3320; x_wconf 93' lang='lat' dir='ltr'><strong>illum</strong></span> <span class='ocrx_word' id='word_1_180' title='bbox 446 3275 487 3319; x_wconf 92' lang='lat' dir='ltr'><strong>ec</strong></span> <span class='ocrx_word' id='word_1_181' title='bbox 501 3273 612 3336; x_wconf 90' lang='lat' dir='ltr'><strong>usque</strong></span> <span class='ocrx_word' id='word_1_182' title='bbox 624 3273 701 3317; x_wconf 89' lang='lat' dir='ltr'><strong>cum</strong></span> <span class='ocrx_word' id='word_1_183' title='bbox 718 3255 876 3319; x_wconf 85' lang='lat' dir='ltr'><strong>exercitu</strong></span> <span class='ocrx_word' id='word_1_184' title='bbox 887 3254 1118 3336; x_wconf 88' lang='lat' dir='ltr'><strong>persequitur,</strong></span> 
     </span>
     <span class='ocr_line' id='line_1_30' title="bbox 166 3353 1119 3437; baseline 0 -19"><span class='ocrx_word' id='word_1_185' title='bbox 166 3374 310 3437; x_wconf 89' lang='lat' dir='ltr'><strong>sperans</strong></span> <span class='ocrx_word' id='word_1_186' title='bbox 327 3375 366 3420; x_wconf 92' lang='lat' dir='ltr'><strong>se</strong></span> <span class='ocrx_word' id='word_1_187' title='bbox 381 3355 464 3420; x_wconf 91' lang='lat' dir='ltr'><strong>belli</strong></span> <span class='ocrx_word' id='word_1_188' title='bbox 482 3355 584 3418; x_wconf 90' lang='lat' dir='ltr'><strong>citius</strong></span> <span class='ocrx_word' id='word_1_189' title='bbox 600 3353 703 3417; x_wconf 88' lang='lat' dir='ltr'><strong>finem</strong></span> <span class='ocrx_word' id='word_1_190' title='bbox 720 3355 973 3432; x_wconf 87' lang='lat' dir='ltr'><strong>assecuturum,</strong></span> <span class='ocrx_word' id='word_1_191' title='bbox 990 3355 1020 3418; x_wconf 91' lang='lat' dir='ltr'><strong>si</strong></span> <span class='ocrx_word' id='word_1_192' title='bbox 1039 3361 1119 3418; x_wconf 90' lang='lat' dir='ltr'><strong>ante</strong></span> 
     </span>
     <span class='ocr_line' id='line_1_31' title="bbox 167 3454 1118 3538; baseline 0 -20"><span class='ocrx_word' id='word_1_193' title='bbox 167 3454 379 3538; x_wconf 87' lang='lat' dir='ltr'><strong>triumphare</strong></span> <span class='ocrx_word' id='word_1_194' title='bbox 402 3462 522 3538; x_wconf 91' lang='lat' dir='ltr'><strong>posset</strong></span> <span class='ocrx_word' id='word_1_195' title='bbox 541 3454 584 3518; x_wconf 91' lang='lat' dir='ltr'><strong>de</strong></span> <span class='ocrx_word' id='word_1_196' title='bbox 609 3455 822 3537; x_wconf 89' lang='lat' dir='ltr'><strong>principibus</strong></span> <span class='ocrx_word' id='word_1_197' title='bbox 846 3455 1016 3519; x_wconf 90' lang='lat' dir='ltr'><strong>malorum</strong></span> <span class='ocrx_word' id='word_1_198' title='bbox 1031 3474 1118 3538; x_wconf 89' lang='lat' dir='ltr'><strong>pree·</strong></span> 
     </span>
     <span class='ocr_line' id='line_1_32' title="bbox 167 3550 1116 3638; baseline -0.002 -19"><span class='ocrx_word' id='word_1_199' title='bbox 167 3554 346 3620; x_wconf 87' lang='lat' dir='ltr'><strong>dictorum.</strong></span> <span class='ocrx_word' id='word_1_200' title='bbox 386 3554 593 3635; x_wconf 81' lang='lat' dir='ltr'><strong>Accelerat,</strong></span> <span class='ocrx_word' id='word_1_201' title='bbox 618 3555 793 3620; x_wconf 88' lang='lat' dir='ltr'><strong>machinas</strong></span> <span class='ocrx_word' id='word_1_202' title='bbox 817 3561 931 3638; x_wconf 90' lang='lat' dir='ltr'><strong>parat,</strong></span> <span class='ocrx_word' id='word_1_203' title='bbox 956 3550 1116 3637; x_wconf 90' lang='lat' dir='ltr'><strong>patruum</strong></span> 
     </span>
     <span class='ocr_line' id='line_1_33' title="bbox 166 3655 1117 3738; baseline 0 -20"><span class='ocrx_word' id='word_1_204' title='bbox 166 3661 351 3738; x_wconf 89' lang='lat' dir='ltr'><strong>utrumque</strong></span> <span class='ocrx_word' id='word_1_205' title='bbox 377 3656 531 3721; x_wconf 86' lang='lat' dir='ltr'><strong>obsidet:</strong></span> <span class='ocrx_word' id='word_1_206' title='bbox 553 3655 652 3719; x_wconf 89' lang='lat' dir='ltr'><strong>locus</strong></span> <span class='ocrx_word' id='word_1_207' title='bbox 679 3661 753 3718; x_wconf 90' lang='lat' dir='ltr'><strong>erat</strong></span> <span class='ocrx_word' id='word_1_208' title='bbox 777 3655 1049 3720; x_wconf 89' lang='lat' dir='ltr'><strong>munitissimus:</strong></span> <span class='ocrx_word' id='word_1_209' title='bbox 1074 3655 1117 3719; x_wconf 89' lang='lat' dir='ltr'><strong>ad</strong></span> 
     </span>
     <span class='ocr_line' id='line_1_34' title="bbox 167 3754 1118 3838; baseline 0 -19"><span class='ocrx_word' id='word_1_210' title='bbox 167 3757 462 3838; x_wconf 79' lang='lat' dir='ltr'><strong>expugnationem</strong></span> <span class='ocrx_word' id='word_1_211' title='bbox 482 3755 593 3820; x_wconf 90' lang='lat' dir='ltr'><strong>indies</strong></span> <span class='ocrx_word' id='word_1_212' title='bbox 615 3754 763 3819; x_wconf 89' lang='lat' dir='ltr'><strong>laborat.</strong></span> <span class='ocrx_word' id='word_1_213' title='bbox 810 3754 954 3818; x_wconf 91' lang='lat' dir='ltr'><strong>Interim</strong></span> <span class='ocrx_word' id='word_1_214' title='bbox 973 3755 1118 3819; x_wconf 89' lang='lat' dir='ltr'><strong>circum·</strong></span> 
     </span>
     <span class='ocr_line' id='line_1_35' title="bbox 167 3855 1117 3940; baseline 0 -20"><span class='ocrx_word' id='word_1_215' title='bbox 167 3875 306 3938; x_wconf 90' lang='lat' dir='ltr'><strong>quaque</strong></span> <span class='ocrx_word' id='word_1_216' title='bbox 339 3877 402 3940; x_wconf 91' lang='lat' dir='ltr'><strong>per</strong></span> <span class='ocrx_word' id='word_1_217' title='bbox 430 3855 595 3937; x_wconf 82' lang='lat' dir='ltr'><strong>Angliam</strong></span> <span class='ocrx_word' id='word_1_218' title='bbox 620 3861 811 3937; x_wconf 88' lang='lat' dir='ltr'><strong>tempestas</strong></span> <span class='ocrx_word' id='word_1_219' title='bbox 840 3855 942 3918; x_wconf 88' lang='lat' dir='ltr'><strong>saevit</strong></span> <span class='ocrx_word' id='word_1_220' title='bbox 971 3855 1117 3920; x_wconf 89' lang='lat' dir='ltr'><strong>bellica:</strong></span> 
     </span>
     <span class='ocr_line' id='line_1_36' title="bbox 168 3954 1119 4021; baseline -0.001 -3"><span class='ocrx_word' id='word_1_221' title='bbox 168 3955 361 4021; x_wconf 80' lang='lat' dir='ltr'><strong>Hrolenses</strong></span> <span class='ocrx_word' id='word_1_222' title='bbox 394 3955 714 4021; x_wconf 90' lang='lat' dir='ltr'><strong>Centwariensibus</strong></span> <span class='ocrx_word' id='word_1_223' title='bbox 752 3962 787 4019; x_wconf 92' lang='lat' dir='ltr'><strong>et</strong></span> <span class='ocrx_word' id='word_1_224' title='bbox 818 3954 1119 4018; x_wconf 88' lang='lat' dir='ltr'><strong>Lundoniensibus</strong></span> 
     </span>
     <span class='ocr_line' id='line_1_37' title="bbox 167 4054 1118 4130; baseline -0.005 -9"><span class='ocrx_word' id='word_1_225' title='bbox 167 4057 280 4122; x_wconf 88' lang='lat' dir='ltr'><strong>caedes</strong></span> <span class='ocrx_word' id='word_1_226' title='bbox 309 4057 462 4122; x_wconf 84' lang='lat' dir='ltr'><strong>inferunt</strong></span> <span class='ocrx_word' id='word_1_227' title='bbox 490 4064 525 4121; x_wconf 94' lang='lat' dir='ltr'><strong>et</strong></span> <span class='ocrx_word' id='word_1_228' title='bbox 546 4055 727 4130; x_wconf 89' lang='lat' dir='ltr'><strong>incendia;</strong></span> <span class='ocrx_word' id='word_1_229' title='bbox 762 4054 1000 4120; x_wconf 88' lang='lat' dir='ltr'><strong>Landfraucus</strong></span> <span class='ocrx_word' id='word_1_230' title='bbox 1028 4055 1118 4117; x_wconf 92' lang='lat' dir='ltr'><strong>enim</strong></span> 
     </span>
     <span class='ocr_line' id='line_1_38' title="bbox 166 4153 1119 4241; baseline -0.003 -21"><span class='ocrx_word' id='word_1_231' title='bbox 166 4157 459 4241; x_wconf 89' lang='lat' dir='ltr'><strong>archiepiscopus,</strong></span> <span class='ocrx_word' id='word_1_232' title='bbox 478 4165 514 4221; x_wconf 90' lang='lat' dir='ltr'><strong>et</strong></span> <span class='ocrx_word' id='word_1_233' title='bbox 529 4176 616 4239; x_wconf 91' lang='lat' dir='ltr'><strong>pene</strong></span> <span class='ocrx_word' id='word_1_234' title='bbox 629 4175 748 4220; x_wconf 91' lang='lat' dir='ltr'><strong>omnes</strong></span> <span class='ocrx_word' id='word_1_235' title='bbox 763 4157 948 4238; x_wconf 88' lang='lat' dir='ltr'><strong>optimates</strong></span> <span class='ocrx_word' id='word_1_236' title='bbox 963 4153 1119 4237; x_wconf 88' lang='lat' dir='ltr'><strong>ejusdem</strong></span> 
     </span>
    </p>
   </div>
   <div class='ocr_carea' id='block_1_3' title="bbox 0 0 1464 4866">
    <p class='ocr_par' dir='ltr' id='par_1_3' title="bbox 0 0 1464 4866">
     <span class='ocr_line' id='line_1_39' title="bbox 0 0 1464 4866; baseline 0 0"><span class='ocrx_word' id='word_1_237' title='bbox 0 0 1464 4866; x_wconf 95' lang='lat' dir='ltr'><strong> </strong></span> 
     </span>
    </p>
   </div>
  </div>
 </body>
</html>
