2918 4866
359 391 423 455 102
603 403 852 453 conrrnunrro
877 403 1051 451 onnorncr

196 583 290 672 {Jsslhssl
360 565 517 630 Emensis
547 566 682 631 festivis
712 565 832 628 dicbus
863 562 1056 628 Dominicae
1090 559 1310 636 NativitatiS,

196 643 304 774 ἓτὲῗὲὲθ
360 687 422 731 rex
448 667 642 748 Anglorum
670 665 880 749 Stephanus
904 673 944 726 ut
965 663 1113 726 nominis
1136 662 1190 725 sui
1212 680 1310 724 coro·

294 761 299 780 '
361 764 460 831 nam1
480 768 645 849 regaliter
670 773 799 842 teneat,
824 766 914 828 sicut
941 764 1037 847 prius
1060 763 1311 836 Exanceastre,

362 869 412 932 sic
462 868 719 932 Bedefordense
764 866 944 930 castellum
995 864 1063 927 sibi
1113 863 1310 936 adversum,

200 983 317 1074 psalm
363 988 441 1032 cum
473 969 626 1032 exercitu
661 967 797 1032 obsedit
827 973 863 1030 et
896 965 998 1046 cepit.
1049 962 1181 1028 Audito
1214 967 1311 1044 post-

200 1086 294 1125 rorum·
364 1068 502 1132 modum
526 1069 648 1132 nuntio
673 1067 716 1130 de
741 1066 891 1129 hostium
917 1064 1119 1146 irruptione,
1142 1071 1311 1126 terrarum

364 1169 615 1244 devastatione,
625 1166 784 1230 villarum
797 1165 1082 1241 concrematione,
1092 1162 1312 1226 castellorum

364 1275 401 1332 et
416 1268 619 1351 oppidorum
645 1265 908 1343 obsessionem
923 1284 1027 1328 manu
1047 1263 1162 1328 valida
1178 1261 1312 1326 North-

365 1369 533 1451 ymbriam
553 1366 802 1450 proficiscitur;
830 1386 899 1448 quo
915 1365 1053 1428 nondiu
1069 1370 1234 1439 moratus,
1250 1361 1311 1425 vix

365 1468 409 1531 ad
433 1468 522 1532 velle
547 1486 648 1531 suum
674 1487 737 1549 pro
763 1465 888 1548 quibus
911 1466 999 1529 ierat
1016 1465 1179 1547 peractis,
1200 1462 1312 1527 rediit.

205 1585 334 1627 enormius
366 1567 499 1632 Ferunt
520 1568 580 1650 qui
608 1574 780 1632 noverunt
802 1586 823 1629 a
846 1565 1001 1649 pluribus
1029 1566 1174 1629 diversae
1198 1562 1313 1644 gentis

201 1639 342 1728 mene
365 1669 523 1732 hostibus
551 1668 622 1731 fere
651 1687 715 1732 sex
740 1667 914 1731 mensibus
945 1665 1154 1729 indicibilem
1185 1663 1314 1727 factam

364 1768 589 1850 irruptionem
614 1768 649 1830 in
676 1767 938 1849 Nortbymbria,
963 1772 998 1829 et
1025 1785 1086 1847 per
1109 1764 1187 1828 loca
1212 1763 1315 1843 longe

365 1877 400 1933 et
414 1888 522 1951 prope
539 1868 745 1951 adjacentia.
780 1866 973 1949 capiuntur
988 1865 1221 1947 quamplures
1235 1882 1316 1945 spo-

365 1969 502 2046 liantur,
512 1969 782 2044 incarcerantur,
794 1967 1002 2042 cruciantur,
1015 1965 1079 2029 viri
1092 1963 1316 2029 ecclesiastici

365 2088 429 2151 pro
445 2071 546 2131 rebus
563 2066 716 2131 ecclesiae
729 2067 806 2130 neci
821 2066 1017 2143 traduntur,
1032 2085 1210 2128 numerum
1227 2062 1319 2128 occi-

366 2186 482 2231 sorum
500 2187 544 2230 ex
563 2175 684 2231 nostra
702 2165 756 2231 vel
775 2166 911 2230 illorum
931 2174 1029 2247 parte
1045 2166 1107 2230 vix
1126 2165 1204 2247 quis
1221 2163 1317 2227 valet

205 2285 579 2334 P⁰1¹0Le⁰⁰b·enumerare.
654 2267 829 2332 Defuncto
866 2267 1057 2347 apostolico
1095 2266 1169 2328 viro
1209 2264 1318 2328 Petro

368 2366 495 2444 Leone,
520 2366 687 2430 successit
712 2366 950 2442 Innocentius,
977 2366 1019 2430 ad
1045 2364 1316 2429 satisfactionem

366 2467 582 2530 venientibus
598 2467 731 2531 cunetis
747 2466 855 2550 quiin
873 2473 972 2548 parte
989 2465 1086 2529 Petri
1099 2473 1221 2529 contra
1238 2485 1316 2528 eum

367 2573 559 2643 tenuerant,
572 2575 607 2630 et
620 2567 811 2648 pacificatis
825 2567 861 2630 in
872 2567 1043 2630 omnibus.
1075 2563 1146 2642 Qui
1156 2564 1317 2629 videlicet

367 2667 580 2749 apostolicus
610 2667 664 2730 die
693 2666 858 2731 Paschali
887 2666 1010 2731 Romae
1039 2666 1255 2729 consecravit
1280 2665 1316 2728 in

367 2768 566 2849 episcopum
577 2767 748 2831 Ostiensis
760 2767 915 2832 ecclesiae
927 2766 1139 2842 Albericum,
1152 2767 1314 2829 abbatem

366 2866 613 2930 Verzelliensis
628 2867 791 2931 eeclesiae.

381 3009 517 3059 QUOMODO
538 3009 674 3066 zABuuus,
696 3011 727 3051 IN
749 3009 822 3052 DOLO
843 3007 1049 3051 usmarvmrls
1070 3006 1131 3048 sum
1151 3006 1269 3060 etms,
1283 3007 1317 3047 IN

523 3091 643 3131 PUERILI
663 3091 763 3132 FORMA
784 3076 956 3131 monstruosi
977 3089 1020 3130 eir
1041 3088 1155 3129 FAO'PUS.

204 3208 323 3247 imitatu.
419 3184 517 3248 Inter
532 3186 607 3248 haec
630 3184 723 3249 fama
740 3187 877 3250 volarat
894 3206 956 3268 per
977 3185 1157 3248 circuitum
1180 3182 1244 3245 hoc
1266 3182 1318 3245 fa-

202 3258 328 3368 iilfcg‘iim'
368 3291 460 3348 ctum
481 3285 705 3349 miraculum:
734 3285 777 3347 In
800 3286 1097 3368 archiepiscopatu
1112 3283 1318 3347 Treverensi

203 3357 342 3506 ilibino
367 3384 561 3448 coenobium
578 3384 692 3448 nonne
709 3385 814 3448 situm
829 3392 893 3462 est,
911 3385 1002 3468 quod
1021 3384 1164 3447 Prumia
1179 3383 1317 3458 eicitur,

203 3507 289 3547 reve..
368 3504 403 3546 rn
420 3484 550 3547 honore
566 3493 765 3548 sanctorum
785 3484 1030 3566 Apostolorum
1049 3484 1145 3547 Petri
1163 3489 1199 3546 et
1214 3482 1318 3545 Pauli

368 3582 576 3659 dedicatum,
592 3587 635 3648 ab
651 3585 804 3667 antiquis
820 3586 1033 3666 temporibus
1049 3603 1071 3647 a
1086 3583 1224 3664 Pipino,
1237 3601 1318 3662 rege

371 3683 596 3761 Francorum,
622 3692 722 3766 patre
753 3683 877 3747 Karoli
903 3684 1038 3765 Magni,
1062 3682 1257 3756 fundatum,
1282 3682 1317 3744 in

369 3801 439 3864 qua
454 3782 533 3845 talis
552 3785 600 3846 rei
624 3785 774 3860 novitaS,
797 3785 841 3847 ab
859 3785 1018 3846 omnibus
1032 3782 1158 3845 ibidem
1175 3801 1319 3845 conver·

368 3882 537 3958 sentibus
559 3882 726 3946 accidisse
741 3883 908 3946 refertur:
934 3883 1094 3976 Quodam
1112 3901 1224 3958 mane,
1241 3901 1316 3944 curn

368 3981 526 4044 cellarius
560 3983 713 4065 ejusdem
745 3984 957 4061 monasterii,
991 3983 1113 4046 cellam
1138 3981 1318 4058 vinariam,

401 4158 542 4209 ιΝοηιίηὶε
563 4156 751 4227 salomonum]
797 4161 826 4210 In
889 4159 1072 4223 woradus]
1096 4162 1124 4210 G.
1143 4160 1189 4209 lias
1212 4140 1246 4223 ui,
1275 4162 1318 4210 the

366 4231 475 4278 allusion
486 4236 512 4277 to
523 4230 563 4278 lris
575 4246 655 4279 nume.
856 4232 929 4281 usual
941 4233 1093 4280 contractior
1105 4231 1144 4278 for
1154 4231 1237 4280 modo.
