2902 4852
358 332 402 398 12
727 343 937 393 cnaourcou

354 505 514 592 judiciali
552 505 725 569 sententia
761 503 956 581 damnatos,
992 502 1112 568 artiori
1143 503 1309 570 custodiae

359 605 582 689 mancipavit.

209 728 268 769 an.
280 727 337 768 nra
410 706 534 771 Comes
546 704 778 782 Waltheofus,
791 703 894 788 jussu
909 702 1001 786 regis
1013 703 1192 782 willelmi,
1206 713 1310 770 extra

195 794 348 888 gement
358 807 534 872 civitatem
550 805 764 870 Wintoniam
793 803 931 883 ductus,
955 804 1095 886 indigne
1127 814 1162 869 et
1187 806 1307 870 crude-

357 907 437 972 liter
459 906 572 971 securi
595 905 823 987 decapitatur,
850 910 886 968 et
909 905 946 967 in
972 905 1092 968 eodem
1113 905 1191 969 loco
1214 913 1308 971 terra

356 1009 532 1072 obruitur:
555 1005 616 1070 sed
637 1024 802 1089 processu
825 1006 1002 1087 temporis,
1028 1005 1106 1069 Deo
1133 1005 1184 1070 sic
1215 1007 1308 1071 ordi-

356 1115 473 1185 nante,
500 1125 625 1188 corpus
651 1105 728 1189 ejus
755 1107 797 1170 de
824 1111 917 1168 terra
939 1105 1087 1181 levatur,
1115 1112 1151 1170 et
1178 1126 1306 1188 magno

355 1227 433 1271 cum
465 1207 594 1271 honore
620 1204 774 1270 Cruland
808 1205 1022 1287 deportatur,
1044 1211 1080 1269 et
1101 1205 1138 1268 in
1159 1205 1307 1272 ecclesia

355 1305 539 1372 honorifice
567 1306 768 1372 tumulatur.
834 1305 906 1370 Hic
931 1324 1009 1368 cum
1037 1305 1149 1369 adhuc
1174 1312 1305 1388 tempo-

355 1409 421 1471 rali
443 1407 616 1471 frueretur
634 1407 717 1483 rita,
744 1412 822 1470 arta
843 1405 978 1488 positus
1005 1406 1041 1469 in
1066 1406 1233 1485 custodia,
1262 1427 1305 1474 aa

355 1527 433 1589 quae
455 1514 611 1589 gesserat
631 1506 747 1590 inique
768 1506 981 1569 incessanter
998 1505 1138 1571 deflevit
1156 1514 1191 1570 et
1208 1526 1304 1572 ama-

355 1608 512 1672 rissime:
549 1606 688 1688 vigiliis,
715 1607 942 1683 orationibus
970 1606 1130 1690 Jejuniis,
1152 1615 1187 1671 et
1212 1608 1303 1672 elee-

356 1709 509 1793 mosynis
535 1708 649 1771 Deum
677 1706 812 1771 studuit
836 1706 996 1788 placare;
1042 1707 1143 1790 cujus
1173 1727 1302 1772 memo·

355 1808 442 1872 riam
457 1808 641 1873 voluerunt
656 1806 808 1870 homines
830 1806 866 1870 in
887 1813 982 1870 terra
1003 1806 1128 1884 delere,
1153 1807 1214 1871 sed
1230 1829 1304 1873 cre-

355 1907 449 1972 ditur
468 1928 549 1973 vere
573 1908 672 1971 illum
701 1926 780 1970 cum
807 1907 938 1971 sanctis
962 1906 999 1970 in
1024 1907 1113 1972 coelo
1138 1909 1304 1990 gaudere,

355 2008 521 2091 praedicto
536 2007 779 2089 archipraesule
800 2008 867 2089 piae
882 2008 1054 2071 memoriae
1071 2007 1302 2088 Landsranco,

358 2127 476 2191 aquo,
498 2107 711 2172 confessione
729 2107 834 2183 facta,
850 2107 1091 2190 poenitentiam
1108 2117 1302 2192 acceperat,

356 2207 502 2272 fideliter
535 2213 744 2289 attestante3
785 2208 846 2290 qui
883 2215 919 2272 et
954 2209 1107 2291 impositi
1137 2210 1302 2288 criminiS,

355 2309 562 2391 supradictae
594 2308 725 2373 scilicet
755 2308 1013 2393 conjurationis,
1045 2309 1143 2373 illum
1179 2309 1301 2376 immu-

352 2429 431 2473 nem
460 2408 652 2474 affirmabat
672 2428 759 2486 esse,
783 2417 919 2492 atquae
943 2410 1136 2474 incaeteris
1161 2413 1302 2475 commi-

352 2509 465 2587 sisset,
504 2517 545 2574 ut
571 2529 692 2574 verum
726 2507 979 2586 Christianum,
1004 2509 1301 2591 poenitentialibus

351 2608 538 2694 lachrymis
555 2609 757 2685 deflevisse;
781 2629 888 2692 seque
910 2609 1058 2675 foelicem
1074 2609 1147 2674 fore
1164 2611 1205 2689 si,
1220 2620 1300 2694 post

243 2729 249 2740 ·
294 2712 483 2780 goesexitum
502 2711 594 2789 vitae,
609 2711 703 2774 illius
717 2709 824 2774 foelici
840 2710 1010 2793 potiretur
1025 2709 1168 2792 requie.l
1213 2712 1301 2778 Post

353 2811 428 2876 haec
451 2831 546 2876 mare
564 2812 723 2888 transito,
743 2831 807 2875 rex
831 2810 868 2874 in
884 2811 1050 2875 minorem
1072 2812 1300 2894 Brytanniam

352 2931 452 2976 suam
477 2913 586 2977 movit
609 2911 877 2994 expeditionem,
901 2918 937 2975 et
959 2910 1140 2976 castellum
1157 2912 1299 2977 Radulfi

352 3015 500 3091 comitis,
517 3013 609 3096 quod
628 3011 697 3076 Dol
714 3013 923 3090 nominatur,
938 3012 1069 3076 tamdiu
1085 3013 1221 3077 obsedit
1237 3014 1299 3078 do-

350 3132 414 3178 nec
425 3114 637 3178 Francorum
651 3132 713 3175 rex
732 3111 914 3194 Philippus
929 3113 1026 3177 illum
1044 3110 1123 3176 inde
1138 3113 1300 3195 fugaret.2

202 3231 334 3276 annon.
405 3213 608 3289 Rotbertus‚
638 3211 807 3277 Willelmi
844 3213 935 3294 regis
965 3213 1227 3296 primogenitus,
1257 3235 1299 3280 eo

191 3299 279 3398 ,iffi
352 3313 445 3395 quod
479 3313 741 3392 Normanniam‚
773 3333 876 3395 quam
906 3313 972 3377 sibi
998 3321 1078 3377 ante
1110 3315 1297 3379 adrentum

191 3398 322 3450 '‘mm'‘
351 3413 461 3494 ipsius
478 3413 513 3476 in
528 3411 706 3494 Angliam,
728 3433 845 3478 coram
861 3413 1024 3497 Philippo
1047 3433 1128 3496 rege
1147 3413 1300 3480 Franco-

352 3533 428 3576 rum
461 3513 614 3591 dederat,
644 3514 820 3595 possidere
855 3534 923 3577 non
948 3514 1086 3592 licebat,
1116 3513 1299 3579 Franciam

351 3612 448 3690 adiit,
481 3620 516 3678 et
541 3614 673 3679 auxilio
700 3614 855 3696 Philippi
885 3614 988 3696 regis,
1019 3615 1056 3677 in
1084 3612 1301 3680 Normannia

350 3733 513 3795 magnam
536 3713 735 3796 frequenter
751 3714 904 3796 praedam
928 3716 1066 3796 agebat,
1083 3714 1184 3779 villas
1207 3736 1300 3781 com·

350 3815 509 3890 burebat,
538 3813 692 3879 homines
719 3815 920 3895 perimebat,
952 3822 988 3878 et
1016 3815 1109 3897 patri
1139 3835 1203 3880 suo
1231 3836 1300 3880 non

351 3934 495 3996 parvam
511 3914 703 3979 molestiam
719 3920 755 3978 et
770 3914 983 3978 anxietatem
996 3914 1177 3980 inferebat.

456 4138 464 4171 ¹
481 4140 603 4204 ingulphi
615 4141 685 4192 Hist.
868 4136 879 4166 ²
895 4142 956 4193 Sax.
969 4143 1064 4193 chron.
1079 4157 1102 4192 a.
1117 4147 1190 4193 1⁰76.
