2918 4866
350 389 415 452 104
597 404 845 454 oonrmuarro
869 402 1046 450 carorum

349 564 472 627 larium
515 562 703 644 ingressus,
745 562 897 644 repperit
938 560 1119 642 puerulum
1162 558 1299 638 nigrum

350 664 516 728 mirandae
539 661 722 745 parvitatis
745 663 780 725 in
802 681 872 724 uno
897 662 939 724 de
966 659 1115 742 pessulis
1141 658 1301 721 manibus

350 765 561 841 baerentem3
585 781 688 844 quem
714 762 835 826 festine
863 760 1166 842 comprehendens,
1193 765 1228 821 et
1255 757 1299 820 ad

351 865 511 928 abbatem
535 863 708 926 deferens:
737 862 837 933 ‘Em'
862 863 923 936 ait,
944 860 1116 933 ‘domine
1135 857 1299 940 puerulus

351 965 429 1041 iste,
452 984 555 1046 quem
571 961 679 1037 vides,
700 982 801 1025 omne
824 962 998 1037 damnum,
1018 959 1109 1041 quod
1132 959 1167 1021 in
1187 977 1301 1040 prom·

351 1065 490 1146 ptuario
522 1063 738 1146 pertulimus,
766 1063 865 1125 nobis
896 1061 1036 1125 intulit.'
1089 1059 1157 1122 His
1187 1058 1300 1132 dictis,

352 1164 472 1227 retulit
498 1164 528 1227 ei
560 1162 710 1244 qualiter
741 1163 885 1225 eundem
919 1161 1100 1243 puerulum
1133 1160 1167 1221 in
1202 1157 1300 1221 obice

351 1263 558 1344 pendentem
574 1263 714 1326 invenit.
761 1263 881 1325 Abbas
904 1271 1020 1324 autem
1044 1259 1197 1343 ejusdem
1216 1277 1300 1339 pne-

351 1363 418 1427 ruli
442 1364 657 1446 qualitatem,
681 1362 770 1426 ultra
796 1382 899 1444 quam
923 1361 1015 1425 credi
1039 1367 1167 1442 potest,
1190 1358 1300 1421 admi-

351 1471 460 1540 ratus,
479 1471 621 1546 accepto
650 1463 806 1539 consilio,
830 1461 1058 1525 monachilem
1085 1460 1238 1523 habitum
1269 1459 1301 1522 ei

350 1566 466 1645 parari
479 1563 597 1646 jussit,
613 1571 648 1626 et
665 1583 741 1626 cum
758 1562 971 1627 scholaribus
990 1560 1142 1643 puerulis
1158 1560 1192 1621 in
1208 1559 1300 1622 clau·

351 1671 424 1727 stro
440 1665 649 1728 conversari.
697 1662 776 1741 Quo
794 1663 898 1738 facto,
914 1660 1077 1744 puerulus
1090 1660 1191 1734 idem,
1209 1660 1300 1722 sicut

351 1763 458 1827 abbas
476 1765 641 1848 jusserat,
664 1763 838 1827 scholares
863 1763 1026 1844 puerulos
1053 1768 1153 1824 nocte
1176 1759 1300 1840 dieque

351 1864 547 1940 comitatur,
582 1883 756 1946 nunquam
791 1871 906 1926 tamen
941 1863 1053 1925 cibum
1086 1867 1148 1923 aut
1178 1864 1298 1941 potum

350 1966 520 2039 sumebat,
536 1963 623 2027 nulli
644 1964 781 2045 publice
804 1973 865 2025 aut
887 1961 1048 2044 privatim
1070 1960 1298 2042 loquebatur3

243 2073 248 2080 '
350 2063 428 2126 aliis
444 2065 621 2127 nocturnis
637 2071 697 2126 aut
709 2062 907 2126 meridianis
922 2062 1017 2125 boris
1033 2060 1298 2144 quiescentibus,

349 2163 424 2244 ipse
441 2163 575 2226 inlecto
592 2163 777 2239 residebat,
794 2163 867 2225 sine
876 2162 1129 2225 intermissione
1144 2160 1296 2241 plorans

350 2269 385 2324 et
409 2263 583 2343 singultus
611 2263 835 2327 creberrimos
861 2262 1035 2326 emittens.
1089 2261 1186 2324 Inter
1212 2261 1298 2338 haec,

351 2363 458 2425 abbas
477 2363 615 2444 quidam
637 2363 779 2426 alterius
803 2363 966 2435 ecelesiae,
987 2361 1298 2441 orationis-gratia,

351 2462 394 2525 ad
418 2463 560 2526 eundem
584 2462 697 2526 locum
714 2464 867 2537 veniens,
885 2462 1072 2543 aliquantis
1096 2461 1216 2524 diebus
1235 2461 1300 2523 ibi-

350 2562 426 2625 dem
450 2563 609 2626 detentus
632 2571 707 2626 est:
732 2582 878 2644 cumque
900 2562 1074 2625 scholares
1097 2561 1193 2643 pueri
1217 2568 1299 2625 ante
1381 2583 1384 2587 ¹

350 2681 428 2725 eum
453 2664 581 2744 saepius
609 2663 806 2738 transirent,
828 2663 887 2726 ubi
912 2682 990 2726 cum
1016 2663 1142 2725 abbate
1167 2668 1202 2725 et
1224 2682 1299 2724 ma-

345 2762 482 2844 joribus
505 2763 659 2827 ecclesiae
677 2763 832 2845 ejusdem
852 2762 1035 2838 residebat,
1051 2762 1215 2844 puerulus
1240 2761 1299 2826 ille

348 2864 527 2944 parvulus,
538 2864 709 2946 protensis
723 2864 765 2926 ad
778 2883 855 2926 eum
868 2864 1039 2940 manibuS,
1048 2881 1126 2926 cum
1137 2863 1298 2943 lacrymis

349 2964 565 3045 respiciebat,
583 2964 682 3046 quasi
708 2963 838 3045 aliquid
863 2971 984 3045 petens
1009 2963 1052 3025 ab
1076 2982 1128 3025 eo.
1194 2960 1297 3039 Quod

350 3062 430 3125 dum
454 3065 581 3145 saepius
607 3072 736 3144 ageret,
754 3064 860 3127 abbas
882 3063 972 3126 idem
993 3062 1198 3143 parvitatem
1221 3061 1297 3145 ejus

349 3162 536 3240 admirans,
554 3164 750 3226 sciscitatus
773 3171 827 3226 est
845 3163 1035 3226 assidentes
1059 3162 1136 3237 sibi,
1155 3169 1194 3225 ut
1214 3162 1296 3243 quid

350 3269 419 3325 tarn
458 3264 642 3343 parvulum
680 3262 859 3344 puerulum
890 3264 926 3325 in
966 3271 1136 3326 conventu
1169 3261 1298 3326 vellent

349 3361 501 3424 haberet
555 3362 625 3440 Qui
647 3362 875 3438 subridentes,
902 3368 994 3425 ‘non
1021 3362 1097 3438 est,'
1121 3362 1297 3444 inquiunt,

349 3461 522 3536 ‘domina
552 3462 631 3525 talis
660 3464 726 3524 iste
755 3462 921 3543 puerulus
950 3470 989 3524 ut
1019 3462 1231 3540 existimas3'
1263 3471 1299 3527 et

349 3570 579 3625 narraverunt
611 3561 642 3624 ei
673 3561 836 3624 damnum
861 3561 953 3642 quod
980 3563 1029 3625 eis
1058 3561 1235 3638 intulerat,
1263 3570 1299 3626 et

350 3654 498 3741 qualiter
514 3662 548 3723 in
560 3661 698 3743 pessulo
710 3680 810 3742 cupae
822 3661 955 3724 haerens
970 3662 1128 3724 manibus
1138 3662 1298 3726 inventus

349 3761 414 3833 sit;
441 3779 503 3822 seu
525 3762 674 3842 qualiter
688 3782 725 3824 se
741 3762 961 3838 continuerit,
978 3762 1111 3824 intrans
1127 3769 1162 3825 et
1178 3762 1299 3825 exiens

349 3860 439 3922 inter
470 3878 539 3922 eos
602 3859 737 3938 Quibus
767 3861 906 3937 auditis
938 3864 1044 3925 abhas
1077 3862 1232 3944 expavit,
1264 3872 1300 3926 et

350 3958 454 4022 altius
480 3958 718 4039 ingemiscens
750 3960 1013 4038 ‘Quantocius,'
1041 3962 1102 4036 ait,
1130 3967 1227 4024 ‘eum
1257 3962 1300 4025 de

349 4058 559 4122 monasterio
594 4059 768 4141 expellite,
803 4081 847 4124 ne
888 4061 1000 4145 majus
1032 4061 1206 4137 damnum,
1242 4062 1297 4125 vel

348 4160 590 4239 gravissimum
624 4160 808 4223 incurratis
840 4160 1042 4243 periculum.
1111 4161 1299 4225 Manifeste
