2918 4866
221 1157 350 1201 Flumbsrd’s

220 1211 319 1251 methodo
328 1211 352 1250 ol

221 1263 303 1310 ralslng

221 1323 305 1362 money.

225 3269 339 3311 Accession

226 3321 269 3360 aud
278 3331 334 3359 coro·

227 3371 300 3410 natlon
311 3371 335 3410 of

226 3422 301 3469 Henry
311 3421 330 3460 1.

382 369 427 432 46
753 384 962 432 cusorucou

383 544 578 623 emanavit;
602 542 721 607 multis
747 543 852 607 etiam
876 542 1089 606 Normannis
1115 540 1275 605 diabolus
1298 540 1334 603 in

383 643 539 707 horribili
554 645 669 726 specie
692 663 729 708 se
753 643 951 726 frequenter
971 644 1006 706 in
1028 643 1126 707 silvis
1140 641 1334 718 ostendens,

384 744 485 826 plura
503 764 581 807 cum
602 745 652 808 eis
667 744 709 808 de
724 764 806 826 rege
819 751 854 808 et
871 743 1047 807 Rannulfo
1067 751 1104 807 et
1127 742 1332 826 quibusdam
1393 815 1394 818 Ἴ

384 845 461 908 aliis
477 844 615 909 locutus
634 851 699 908 est.
740 844 817 908 Nec
841 845 975 920 mirum,
992 863 1072 907 nam
1095 844 1231 907 illorum
1249 849 1335 906 tem-

384 965 467 1027 pore
490 944 562 1008 fere
585 945 695 1008 omnis
721 945 837 1026 legum
865 945 963 1008 siluit
984 945 1135 1028 justitia,
1151 944 1334 1025 causisque

384 1045 448 1108 sub
462 1044 603 1128 justitia
624 1044 747 1126 positis
770 1046 845 1109 sola
861 1045 896 1107 in
910 1045 1120 1127 principibus
1143 1045 1335 1126 imperabat

384 1146 542 1228 pecunia.
588 1146 748 1227 Denique
775 1145 894 1209 eadem
919 1151 1138 1228 tempestate,
1163 1143 1334 1208 nonnullis

384 1246 476 1327 regis
491 1246 663 1310 voluntati
678 1247 790 1328 magis
808 1265 912 1328 quam
924 1245 1072 1328 justitiae
1086 1245 1335 1321 obedientibus,

386 1346 582 1409 Rannulfus
609 1353 730 1410 contra
748 1346 807 1429 jus
833 1346 1115 1423 ecclesiasticum,
1131 1354 1167 1409 et
1184 1346 1238 1409 sui
1253 1363 1334 1426 gra·

385 1446 450 1509 dus
476 1447 639 1522 ordinem,
675 1448 857 1530 presbyter
886 1446 975 1510 enim
1005 1453 1090 1523 erat,
1121 1447 1164 1510 ad
1194 1464 1334 1509 censum

384 1547 544 1630 primitus
575 1548 745 1624 abbatias,
776 1547 898 1611 dehinc
927 1547 1159 1629 episcopatus,
1188 1565 1334 1628 quorum

385 1654 502 1728 patres
521 1667 539 1711 e
555 1649 628 1713 vita
644 1648 871 1712 discesserant
887 1648 1033 1725 noviter,
1051 1647 1185 1728 accepit
1200 1665 1221 1709 a
1236 1665 1332 1728 rege,

385 1755 420 1811 et
444 1748 525 1811 inde
554 1749 700 1830 singulis
725 1750 838 1827 annis,
864 1767 1033 1812 summam
1057 1747 1239 1829 pecuniam
1265 1765 1334 1810 non

385 1848 555 1912 modicam
572 1848 740 1931 persolvit
760 1848 831 1922 illi;
857 1847 956 1931 cujus
968 1849 1097 1912 astutia
1111 1855 1146 1912 et
1161 1846 1334 1911 calliditas

385 1955 457 2012 tam
472 1949 656 2012 vehemens
674 1949 803 2026 extitit,
821 1956 856 2013 et
876 1968 983 2031 parvo
999 1957 1153 2030 tempore
1171 1948 1257 2012 adeo
1272 1967 1334 2010 ex·

385 2049 507 2124 crevit,
525 2055 563 2111 ut
588 2049 826 2130 placitatorem
843 2069 885 2113 ac
901 2050 1008 2114 totius
1024 2050 1121 2130 regni
1138 2056 1335 2112 exactorem

385 2168 449 2211 rex
488 2147 586 2211 illum
623 2150 860 2213 constitueret.
918 2148 989 2228 Qui
1027 2156 1126 2213 tanta
1162 2155 1335 2231 potestate

386 2248 523 2331 adepta,
542 2249 669 2330 ubique
686 2249 840 2313 locorum
867 2268 928 2332 per
952 2248 1116 2331 Angliam
1131 2249 1271 2313 ditiores
1294 2269 1335 2313 ac

386 2347 627 2431 locupletiores
662 2349 842 2431 quosdam,
868 2369 982 2413 rerum
1008 2356 1246 2432 terrarumque
1276 2350 1337 2414 ab·

386 2447 528 2526 latione,
554 2449 736 2529 multavit3
764 2450 986 2533 pauperiores
1012 2456 1127 2513 autern
1154 2451 1253 2532 gravi
1279 2451 1333 2513 in-

381 2547 548 2631 justoque
568 2551 697 2615 tributo
714 2551 926 2614 incessanter
941 2551 1124 2632 oppressit,
1148 2550 1336 2633 multisque

387 2649 510 2730 modis,
526 2657 561 2714 et
575 2657 657 2714 ante
672 2651 910 2734 episcopatum
926 2657 961 2714 et
976 2652 1013 2713 in
1028 2652 1242 2734 episcopatu,
1260 2670 1335 2714 ma·

382 2749 478 2832 jores
493 2757 528 2814 et
543 2751 691 2814 minores
706 2751 933 2815 communiter
949 2750 1131 2827 afflixit,et
1145 2752 1335 2833 hocusque

387 2850 431 2913 ad
449 2851 541 2932 regis
557 2850 712 2934 ejusdem
723 2852 874 2930 obitum3
897 2870 977 2914 nam
989 2871 1030 2915 eo
1045 2852 1099 2916 die
1114 2871 1185 2933 quo
1201 2852 1335 2917 occisus

387 2951 502 3032 periit,
531 2950 831 3016 Dorubernensem
862 2951 1209 3034 archiepiscopatum,
1236 2952 1337 3017 Win-

388 3051 578 3114 tonieusem
595 3059 630 3115 et
650 3051 965 3135 Searesbyriensem
986 3052 1194 3134 praesulatus
1216 3054 1252 3115 in
1272 3072 1338 3117 sna

388 3170 492 3214 manu
522 3149 655 3214 tenuit.¹
707 3153 884 3234 Regnavit
908 3152 999 3215 idem
1026 3172 1087 3215 rex
1113 3170 1196 3217 xm.
1224 3154 1337 3232 annis,

388 3252 502 3313 minus
517 3267 683 3317 xxxvnr.
693 3252 833 3331 diebus3
857 3253 912 3316 cui
927 3253 1092 3317 successit
1101 3253 1221 3336 junior
1230 3254 1338 3318 irater

389 3369 473 3413 suus
490 3350 689 3429 HeinricuS,
705 3359 739 3416 et
755 3373 838 3417 mox
856 3371 965 3416 nonas
987 3350 1139 3434 Augusti
1160 3355 1198 3436 [5
1214 3353 1337 3437 Aug.],

390 3449 445 3512 die
473 3450 668 3529 Dominico,
692 3452 728 3516 in
755 3453 1066 3516 Westmonasterio
1096 3473 1118 3517 a
1151 3454 1336 3533 Mauricio,

390 3550 625 3614 Lundoniensi
649 3553 823 3636 episcopo,
839 3553 875 3616 in
896 3573 1010 3636 regem
1029 3560 1083 3617 est
1105 3562 1337 3619 consecratus.

229 3669 377 3709 noreiam.
391 3649 461 3728 Qui
487 3653 755 3717 consecrationis
780 3673 852 3717 suae
882 3653 935 3717 die
963 3661 1117 3718 sanctam
1138 3655 1206 3719 Dei
1228 3657 1337 3719 eccle-

390 3752 490 3826 siam,
508 3771 586 3834 quae
611 3752 728 3817 fratris
752 3754 806 3817 sui
829 3763 983 3836 tempore
998 3754 1140 3819 vendita
1163 3757 1258 3820 etad
1284 3756 1339 3819 fir-

425 4017 432 4046 ¹
451 4021 485 4069 Et
500 4020 617 4069 abbatias
627 4020 812 4083 Abbendoniae,
827 4026 852 4070 et
877 4023 1053 4088 proceedings,
1060 4039 1102 4074 see
1110 4025 1152 4074 W.
1162 4025 1297 4078 Mulmesb.
1310 4041 1341 4079 ιι.

389 4091 453 4140 elias
472 4091 568 4153 plures.
604 4091 701 4140 Lodd.
739 4091 789 4139 For
801 4092 852 4140 fur·
878 4092 968 4155 Gesta,
984 4108 1014 4145 11.
1025 4110 1053 4157 p.
1069 4098 1128 4159 4⁹7,
1144 4096 1195 4145 and
1210 4097 1252 4147 De
1264 4098 1340 4150 Pont.

388 4162 445 4210 ther
466 4162 620 4223 particulare
641 4162 670 4211 of
694 4160 852 4211 Flambard's
876 4164 921 4214 lib.
934 4178 973 4215 111.
