2918 4866
355 391 421 456 148
597 407 846 456 cortrmuumo
870 409 1045 458 cunarum

357 562 399 626 de
423 570 534 627 morte
553 564 817 628 cantuariensis
839 564 1016 647 martyris,
1035 561 1131 626 etde
1154 560 1233 624 aliis
1252 579 1308 624 ec-

356 663 560 727 clesiasticis
577 664 818 744 dignitatibus
834 674 870 727 et
886 673 991 745 prout
1008 664 1104 727 Deus
1125 662 1174 725 eis
1195 659 1306 723 admi-

357 764 520 826 nistraret
529 762 765 846 judicandam.
797 762 872 847 Ipsi
888 783 969 828 vero
985 763 1045 843 qui
1061 763 1211 826 Romam
1225 778 1307 842 pro·

358 862 438 926 secti
448 862 584 926 fuerant
593 864 629 926 in
642 863 706 926 hac
715 862 827 926 forma
839 864 1051 946 scripserunt
1060 861 1198 924 domino
1207 858 1283 941 regi
1296 878 1305 923 t

358 1043 494 1086 merom
514 1043 697 1085 ounmcoltuu
718 1043 801 1085 auom
817 1043 857 1083 ΔΙ)
877 1043 973 1097 Insunt,
988 1042 1059 1090 Quos
1079 1040 1185 1082 solinu
1205 1025 1307 1081 ΜῙΕῙἜ.ι

198 1179 340 1276 gemam
412 1163 600 1227 Carissimo
611 1163 750 1227 domino
762 1183 844 1238 suo,
852 1162 1019 1239 Henrico,
1029 1162 1155 1225 illustri
1169 1158 1308 1242 Angliao

199 1280 236 1318 the
245 1289 334 1328 ervom·
360 1264 447 1344 regi,
458 1263 537 1326 duci
550 1262 775 1327 Normanniae
788 1270 823 1327 et
834 1261 1048 1345 Aquitaniae,
1061 1268 1096 1325 et
1105 1261 1222 1324 comiti
1232 1258 1306 1323 An-

361 1363 530 1445 degaviae,
549 1361 608 1428 R.²
626 1365 733 1426 abbas
749 1363 937 1438 wallatiae,
955 1361 1015 1426 R?
1037 1360 1308 1425 Salesburiensis

362 1462 637 1540 archidiaconus,
664 1461 725 1527 R?
756 1459 1002 1528 Lexoviensis³
1032 1460 1308 1535 archidiaconus,

364 1562 410 1627 R.
443 1564 565 1641 Barre,
599 1570 634 1627 et
671 1563 839 1645 magister
874 1561 1063 1638 Henrious,
1094 1560 1241 1624 salutem
1274 1567 1310 1622 et

362 1663 463 1728 fidele
478 1663 514 1726 in
530 1665 690 1727 omnibus
705 1671 740 1728 et
755 1663 951 1744 ubicunque
963 1661 1177 1743 obsequium.
1230 1658 1307 1722 No-

363 1765 452 1828 verit
470 1770 588 1828 vestra
602 1762 781 1846 majestas
799 1763 986 1845 quodcum
1005 1761 1178 1826 Ricardus
1196 1758 1308 1824 Barre

363 1884 427 1928 nos
460 1863 706 1946 praecessisset,
740 1871 776 1927 et
816 1883 893 1927 curn
932 1862 1040 1925 multo
1079 1859 1232 1942 periculo
1273 1865 1310 1922 et

363 1965 564 2047 gravamine
590 1983 652 2026 nos
677 1963 720 2025 ad
746 1964 876 2026 curiam
904 1961 1034 2026 domini
1056 1979 1157 2044 papae
1180 1977 1310 2040 praeve-

363 2066 483 2139 nisset,
529 2082 591 2126 nos
634 2069 784 2143 quatuor
824 2082 903 2125 cum
947 2063 1082 2125 duobus
1124 2059 1309 2141 episcopis,

365 2170 400 2227 et
435 2162 564 2226 decano
605 2160 826 2237 Eboracensi,
860 2168 894 2224 et
933 2162 1100 2242 magistro
1134 2158 1195 2236 H.,
1230 2177 1309 2221 cum

365 2261 474 2324 multa
510 2259 711 2323 difficultate
743 2263 900 2324 venimus
930 2281 1041 2342 usque
1075 2255 1209 2324 Sonus.⁴
1254 2258 1311 2322 Ibi

365 2361 486 2423 diebus
522 2361 654 2441 aliquot
689 2360 821 2424 detenti
858 2360 998 2424 fuimus.
1059 2360 1183 2424 Comes
1219 2360 1310 2422 enim

367 2460 543 2523 Macarius
582 2461 632 2522 sic
666 2479 712 2522 ex
748 2462 841 2525 omni
876 2468 974 2543 parte
1011 2461 1086 2525 vias
1120 2458 1311 2534 obsidebat,

366 2558 458 2642 quod
489 2559 575 2622 nulli
608 2562 751 2642 patebat
783 2581 952 2642 egressus
1015 2560 1102 2624 Cum
1135 2578 1215 2622 vero
1247 2577 1310 2621 nos

366 2666 517 2741 quatuor
538 2679 615 2723 cum
639 2662 824 2744 episcopis,
841 2662 901 2742 qui
923 2661 1108 2744 plurimum
1131 2659 1228 2722 exire
1250 2658 1310 2721 de-

365 2759 575 2835 siderabant,
602 2779 670 2822 non
696 2762 940 2843 potuissemus
963 2762 999 2824 in
1025 2760 1179 2824 maxima
1204 2757 1311 2821 animi

367 2859 530 2939 angustia
540 2859 655 2939 positi,
668 2880 711 2922 ex
729 2863 901 2925 communi
916 2860 1073 2936 consilio,
1084 2857 1198 2923 media
1208 2864 1310 2922 nocte

367 2970 402 3023 et
415 2956 563 3021 latenter
574 2959 765 3040 exivimus3
789 2969 824 3025 et
840 2962 888 3025 sio
900 2981 962 3043 per
975 2960 1125 3041 abrupta
1139 2958 1309 3023 montium

367 3067 400 3122 et
422 3077 483 3138 per
505 3057 582 3120 loca
603 3057 675 3122 fere
695 3060 801 3137 invia,
818 3063 882 3124 sub
904 3079 1031 3142 magno
1052 3060 1175 3123 timore
1197 3067 1232 3120 et
1248 3077 1309 3140 pe-

367 3157 487 3234 riculo,
513 3157 653 3221 tandem
673 3161 831 3223 venimus
862 3160 1112 3224 Tusculanum.
1165 3157 1220 3220 Ibi
1247 3157 1311 3221 Ri-

367 3257 509 3323 cardum
531 3257 653 3334 Barre,
668 3259 711 3322 de
738 3267 854 3325 vestro
879 3260 1022 3336 honore,
1042 3259 1132 3323 sicut
1153 3258 1311 3334 decebat,

367 3357 565 3432 sollicitum,
581 3365 616 3419 et
634 3359 677 3421 ad
695 3366 845 3423 vestram
864 3359 1051 3423 utilitatem
1071 3357 1259 3440 prudenter
1276 3364 1312 3421 et

367 3461 538 3524 instanter
555 3457 769 3522 laborantem
790 3459 1004 3536 invenimus3
1029 3458 1176 3522 multum
1193 3464 1310 3521 tamen

365 3559 609 3624 contristatum
622 3560 857 3634 etconfusum,
867 3559 950 3639 quia
967 3576 1030 3621 neo
1045 3557 1204 3621 dominus
1219 3576 1311 3641 papa

368 3679 445 3725 eum
457 3665 646 3740 receperat,
658 3678 720 3722 nec
732 3659 792 3722 alii
800 3658 968 3740 benignos
979 3665 1014 3722 et
1024 3657 1194 3720 humanos
1209 3656 1311 3721 soilli

368 3760 581 3831 exibuerunt.
626 3758 703 3822 Nos
718 3767 835 3822 autem
854 3759 1030 3822 venientes
1047 3757 1204 3821 dominus
1220 3776 1312 3841 papa

368 3881 436 3927 non
454 3858 581 3935 videre,
597 3878 660 3921 nec
675 3857 718 3921 ad
737 3859 907 3935 osculum,
922 3878 985 3922 neo
1003 3858 1045 3921 ad
1062 3856 1184 3939 pedem
1200 3855 1313 3921 voluit

405 4039 411 4069 ¹
428 4037 523 4100 Misit]
541 4035 646 4096 Becket‚
658 4034 772 4094 Epistv.
784 4037 826 4083 83.
875 4031 904 4117 13.
914 4035 1092 4099 Lexooimsis]
1115 4034 1154 4084 Of
1166 4035 1316 4099 Lexovium,

404 4180 475 4243 2R.]
492 4178 594 4228 Robert.
851 4105 1014 4236 belegora]
1032 4175 1135 4224 Sienna.
