2918 4866
424 385 616 434 ruannurrr
640 383 921 434 wrcunrunusrs.
1083 368 1147 432 193

199 542 387 607 secundum
411 561 510 606 suum
534 561 649 625 posse,
671 542 715 606 ad
738 541 931 605 custodiam
953 539 1144 621 marinam3

199 651 235 707 et
254 644 345 706 viros
361 651 587 725 pugnaturos,
605 650 640 707 et
660 643 710 706 eis
735 661 907 725 expensas
926 639 1145 719 sufficienter,

200 744 365 826 quamdiu
393 744 440 807 ibi
464 745 700 808 morabantur.
753 741 898 807 Cometa
921 741 1084 825 apparuit
1109 743 1144 806 in
1158 762 1261 803 namu.

200 851 300 926 parte
332 844 491 908 orientali
525 850 608 908 ante
640 863 800 907 auroram
830 843 908 920 diei,
940 861 1002 924 per
1032 848 1144 906 totum

200 962 350 1013 mensem
363 943 528 1026 Augusti,
538 943 688 1026 plumbei
699 943 836 1021 coloris,
849 942 982 1007 radium
992 942 1144 1025 dirigens

200 1063 321 1109 versus
345 1053 510 1109 austrum.
563 1042 712 1127 Gwyd0‚
730 1042 928 1108 Sabinensis
948 1043 1143 1126 episcopus,
1157 1062 1233 1109 curro,

201 1144 397 1223 cardinalis,
414 1151 450 1208 ct
473 1145 673 1228 apostolicae
700 1143 791 1208 sedis
823 1143 973 1225 legatus
997 1144 1093 1208 venit
1107 1144 1142 1207 in
1156 1113 1265 1212 iffiiflf'

204 1243 399 1320 Franciam,
415 1243 535 1309 volens
556 1243 702 1309 transire
724 1245 759 1307 in
778 1242 957 1326 Angliam,
975 1244 1035 1326 qui
1061 1214 1305 1326 quiap⁸⁹⁸¹¹⁰⁸⁸‘⁰'

202 1344 238 1414 in
261 1345 413 1411 favorem
437 1345 529 1427 regis
557 1354 592 1408 et
617 1344 745 1426 reginae
770 1344 886 1408 venire
909 1364 930 1408 a
955 1345 1143 1411 baronibus

203 1446 449 1522 arbitrabatur,
458 1446 494 1508 in
503 1443 667 1527 Angliam
681 1451 817 1509 nonest
831 1444 1019 1527 permissus
1029 1445 1141 1527 appli-

202 1564 292 1610 care.
341 1545 505 1610 Urbanus
523 1542 647 1630 [papa]
663 1544 749 1609 obiit
766 1544 858 1627 apud
874 1544 1055 1609 Petusium
1070 1543 1140 1610 kal.
1155 1564 1293 1614 ropsuran

204 1644 330 1710 Octub.
349 1647 386 1727 [l
405 1643 513 1728 Oct.],
531 1646 738 1728 vacavitque
753 1645 852 1708 sedes
870 1645 1045 1708 mensibus
1062 1662 1109 1708 rv.
1156 1615 1239 1656 Μ’

254 1745 569 1828 Gwid0‚qu0ndam
577 1745 838 1810 Narbonnensis
850 1744 1141 1828 archiepiscopus,
1168 1765 1296 1806 nanu.

202 1845 387 1911 cardinalis
403 1846 587 1929 episcopus
603 1844 820 1922 Sabinensis,
830 1844 1037 1928 apostolicae,
1050 1846 1142 1910 sedis
1155 1831 1304 1933 Sfflssffi

202 1945 352 2028 legatus,
367 1945 479 2010 factus
495 1953 548 2010 est
569 1965 672 2029 papa,
690 1966 770 2010 non.
790 1945 955 2010 Februar.
973 1946 1010 2028 [5
1028 1945 1142 2026 Feb.],

202 2055 238 2111 et
282 2046 394 2111 dictus
433 2054 487 2110 est
522 2045 692 2112 Clemens.
744 2045 920 2110 Gilbertus
954 2045 996 2109 de
1028 2044 1142 2124 Clare,
1156 2065 1272 2107 annau

1155 2117 1215 2157 cisra
1223 2118 1266 2157 and

202 2165 317 2211 comes
334 2146 545 2224 Gloverniae,
561 2154 596 2211 et
617 2147 677 2211 alii
696 2146 812 2229 plures
829 2166 907 2211 cnm
923 2166 977 2224 eo,
991 2164 1141 2210 recesse-
1155 2167 1282 2216 athenam

202 2253 283 2311 runt
308 2266 330 2311 a
356 2247 481 2312 comite
508 2246 715 2324 Leicestriae,
738 2245 782 2310 ob
804 2247 919 2311 varias
945 2266 1081 2324 causas,
1108 2255 1143 2312 et
1156 2218 1293 2309 iiidiif‘

202 2347 353 2412 maxime
388 2347 492 2429 quod,
523 2354 604 2430 post
633 2346 760 2411 bellum
796 2347 972 2426 Lewense,
1000 2347 1142 2430 partitio

202 2454 395 2512 castrorum
427 2455 461 2512 et
492 2446 746 2530 possessionum
778 2467 846 2511 non
872 2447 938 2511 fuit
965 2448 1055 2511 inter
1083 2458 1143 2512 'eos

110 2625 113 2630 ,
203 2553 297 2613 recte
323 2547 447 2625 divisa,
466 2555 507 2612 ut
529 2548 680 2625 aiebant,
702 2547 891 2611 secundum
914 2548 1141 2629 quantitatem

199 2655 401 2730 sumptuum
427 2655 461 2712 et
494 2648 633 2714 laboris.
686 2647 852 2725 Karalus,
879 2666 993 2714 comes
1025 2645 1274 2711 Ande-enarrator

201 2748 326 2829 gaviae,
354 2748 390 2813 in
414 2768 528 2830 regem
554 2747 681 2812 Siciliae
706 2754 742 2812 et
763 2747 902 2830 Apuliae
928 2748 1057 2812 electus
1080 2755 1142 2813 est.
1156 2720 1298 2820 ibicibus,

201 2847 383 2913 Senatoria
400 2849 505 2912 etiam
527 2847 696 2930 dignitate
716 2847 932 2924 sublimatus,
949 2848 1144 2913 Romanam
1156 2821 1258 2871 οἴω·

202 2949 321 3012 urbem
352 2948 471 3030 vigilia
503 2948 726 3013 Pentecostes
758 2943 817 3031 [23
853 2947 956 3029 Maii]
988 2948 1144 3015 intravit.

202 3047 254 3113 Eo
277 3055 443 3132 tempore,
468 3048 671 3126 EdwarduS,
696 3047 785 3111 filius
807 3047 898 3129 regis
920 3046 1073 3128 Angliae,
1101 3048 1233 3112 danaae

201 3150 360 3213 custodia
377 3149 532 3225 eductus,
548 3169 626 3213 cum
643 3167 725 3229 rega
748 3155 783 3212 et
805 3149 929 3217 comite
946 3147 1144 3212 Leicestriae
1157 3122 1304 3222 {miram

201 3249 422 3314 circumcirca
444 3249 646 3327 deducitur3
671 3248 811 3312 tandem
837 3254 1005 3312 venerunt
1035 3223 1268 3313 Here-'mmm

202 3348 359 3426 fordiam,
382 3348 441 3413 ubi
462 3349 575 3413 dictus
592 3349 794 3425 Edwardus,
816 3349 859 3413 de
882 3348 1041 3414 custodia
1062 3349 1146 3414 dicti

201 3449 337 3513 comitis
349 3449 538 3526 declinans,
552 3449 593 3514 ad
613 3449 773 3513 comitem
788 3447 987 3514 Gloverniae
1003 3457 1038 3514 et
1055 3469 1146 3514 mar·

201 3548 339 3614 chiones
373 3569 481 3632 prope
512 3550 704 3614 existentes
734 3550 858 3626 evasit,
885 3569 919 3614 v.
946 3549 1018 3614 kal.
1048 3550 1070 3615 J
1074 3550 1147 3615 unii

201 3648 261 3730 [28
277 3647 381 3734 Maii]
396 3670 405 3726 ;
439 3669 521 3731 rege
541 3650 576 3712 in
594 3649 751 3732 partibus
766 3649 907 3714 Walliac
929 3669 1006 3713 cum
1023 3650 1147 3717 comite
1170 3700 1172 3708 .

201 3747 400 3814 Leicestriae
415 3749 451 3813 in
463 3751 627 3830 angustia
635 3768 762 3831 magna
776 3757 812 3814 et
825 3750 970 3833 penuria
987 3749 1147 3832 degente,

200 3868 241 3925 eo
264 3849 357 3932 quod
381 3868 495 3914 comes
519 3848 720 3914 Gioverniaa
738 3856 780 3938 et
803 3850 961 3934 quicum
982 3869 1022 3914 co
1046 3857 1147 3915 erant

200 3968 268 4014 non
290 3950 539 4034 permittebant
557 3969 616 4012 eos
639 3968 760 4018 versus
781 3946 945 4032 Angliam
963 3949 1145 4017 declinare.

201 4049 346 4114 Interim
361 4049 491 4133 Symon
514 4050 556 4113 de
580 4049 814 4127 Monte-forti,
829 4050 922 4139 filius
944 4069 992 4115 sc.
1012 4051 1147 4114 comitis
1157 4069 1302 4120 rreyounger

201 4148 412 4228 Leicestriaa,
441 4150 476 4214 vi
509 4161 543 4215 et
575 4149 682 4222 armis
706 4149 923 4239 Wintoniam
955 4150 1145 4237 ingressus,
1156 4119 1260 4221 iiiiii?

247 4289 333 4338 ἸὈΜ.
349 4290 387 4337 11.
973 4292 994 4336 0
