2902 4852
356 341 400 406 32
724 351 933 402 OHRON100N

193 538 336 581 ouanun.
357 523 450 582 sunt.
503 514 660 594 Quorum
677 521 787 579 morte
802 513 955 596 cognita,
971 512 1091 594 regina
1108 513 1304 577 Scottorum

192 589 345 680 iiiiiisw*
359 618 560 698 Margareta
586 622 685 680 tanta
713 615 837 678 affecta
865 621 919 679 est
945 615 1097 691 tristitia,
1123 620 1163 677 ut
1189 614 1305 678 subito

356 718 392 781 in
417 736 580 800 magnam
608 716 771 779 incideret
800 714 1043 779 infirmitatem.
1097 714 1172 778 Nec
1196 733 1303 790 mora,

356 817 567 901 presbyteris
593 816 638 879 ad
668 834 706 879 se
732 815 920 892 accersitis,
943 815 1124 880 ecclesiam
1148 815 1304 891 intravit,

357 920 476 1001 eisque
506 936 570 981 sua
596 923 740 998 peccata
765 915 933 992 confessa,
953 915 1030 979 oleo
1055 935 1092 978 se
1118 915 1302 997 perungui,

357 1017 559 1099 coelestique
576 1017 701 1079 muniri
717 1016 843 1080 viatico
860 1016 952 1092 fecit,
971 1016 1083 1079 Deum
1102 1015 1251 1079 assiduis
1269 1022 1305 1079 et

357 1117 593 1184 intentissimis
623 1117 782 1199 precibus
811 1135 974 1193 exorauS,
997 1125 1037 1178 ut
1061 1117 1097 1178 iu
1120 1115 1185 1179 hac
1218 1135 1305 1179 acru-

357 1237 479 1283 mnosa
494 1218 566 1281 vita
585 1217 715 1280 diutius
733 1216 828 1280 iilam
851 1217 967 1280 vivere
988 1235 1055 1279 non
1078 1216 1302 1298 permitteret.

359 1318 435 1383 Nec
456 1318 564 1384 multo
589 1318 720 1381 tardius
744 1317 910 1381 exaudita
938 1322 1011 1394 est;
1034 1335 1113 1380 nam
1138 1322 1218 1398 post
1234 1326 1303 1379 tres

357 1418 431 1482 dies
454 1418 636 1482 occisionis
661 1417 766 1498 regis,
795 1418 912 1483 soluta
941 1417 1054 1481 carnis
1081 1416 1240 1492 vinculiS,
1264 1424 1304 1479 ut

358 1519 521 1596 creditur,
557 1518 600 1582 ad
638 1517 767 1600 gaudia
797 1519 960 1582 transivit
991 1523 1127 1580 aeternae
1166 1516 1301 1582 salutis.

358 1619 498 1702 Quippe
521 1618 602 1682 dum
626 1620 770 1695 viveret,
788 1619 941 1701 pietatis
959 1617 1117 1700 justitiae,
1139 1617 1247 1700 pacis,
1269 1606 1318 1681 et'

358 1718 513 1783 caritatis
529 1718 656 1783 cultrix
672 1719 789 1783 extitit
801 1719 938 1794 devota,
950 1719 1111 1799 frequens
1122 1717 1157 1779 in
1174 1717 1303 1782 oratio·

355 1821 472 1895 nibus,
494 1837 621 1902 corpus
642 1819 770 1900 vigiliis
794 1825 830 1883 et
850 1818 992 1902 jejuniis
1016 1818 1223 1894 maceravit;
1249 1836 1304 1881 ec-

356 1920 481 1984 clesias
507 1928 543 1984 et
568 1920 777 1984 monasteria
804 1918 940 1996 ditavit,
962 1937 1081 1982 servos
1107 1924 1142 1983 et
1160 1917 1304 1982 ancillas

359 2020 427 2083 Dei
463 2019 586 2083 dilexit
620 2027 655 2085 et
689 2018 884 2095 honoravit,
914 2017 1143 2083 esurientibus
1180 2037 1303 2101 panem

357 2120 552 2199 frangebat,
581 2116 691 2182 nudos
713 2118 896 2195 vestiebat,
929 2118 1088 2181 omnibus
1114 2119 1304 2201 peregrinis

358 2219 401 2282 ad
435 2236 472 2282 se
502 2218 716 2282 venientibus
750 2217 912 2300 hospitia,
938 2218 1156 2295 vestimenta,
1181 2228 1216 2283 et
1242 2219 1306 2282 ali-

358 2326 475 2382 menta
496 2319 684 2401 praebebat,
699 2325 734 2382 et
751 2318 865 2382 Deum
890 2326 966 2383 tota
991 2326 1104 2382 mente
1129 2318 1304 2401 diligebat.

196 2437 280 2477 nonna
360 2418 441 2496 Qua
467 2426 615 2495 mortua,
644 2417 891 2496 Duienaldum,
914 2419 1004 2500 regis
1027 2418 1206 2483 Malcolmi
1233 2420 1304 2483 fra-

196 2489 277 2529 elected
284 2487 338 2537 king

195 2538 331 2639 firmae.
359 2527 458 2595 trem,
480 2517 590 2583 Scotti
618 2519 683 2582 sibi
712 2518 749 2582 in
776 2538 890 2599 regem
914 2520 1104 2600 elegerunt,
1129 2527 1164 2583 et
1186 2539 1305 2585 omnes

194 2639 330 2730 fflissih
357 2618 494 2700 Anglos
514 2620 573 2701 qui
600 2619 642 2682 de
667 2618 763 2682 curia
784 2620 876 2700 regis
897 2619 1096 2696 extiterunt,
1111 2619 1153 2683 de
1171 2620 1306 2685 Scottia

197 2741 259 2781 rana:
274 2741 339 2780 aex·
358 2720 577 2802 expulerunt.
630 2718 766 2797 Quibus
798 2720 937 2796 auditiS,
968 2719 1059 2783 filius
1087 2721 1180 2803 regis
1211 2720 1303 2785 Mai-

196 2791 334 2882 iiiiiia
358 2821 472 2896 coimi,
504 2818 707 2895 Dunechan,
737 2839 853 2900 regem
877 2819 1102 2897 Willelmum,
1131 2821 1186 2884 cui
1220 2828 1304 2886 tuuc

196 2892 336 2933 “Mam
357 2920 532 2996 militavit,
560 2927 600 2983 ut
629 2920 660 2983 ei
694 2939 838 3000 regnum
872 2921 927 2983 sui
952 2921 1062 3002 patris
1090 2922 1304 3000 concederet,

359 3008 479 3103 petiit,
493 3027 528 3085 et
552 3021 763 3101 impetravit,
784 3020 903 3102 illique
926 3020 1127 3084 fidelitatem
1147 3020 1302 3104 juravit:
1338 3058 1344 3068 ·

358 3128 394 3186 et
420 3122 470 3185 sic
494 3121 538 3184 ad
563 3120 731 3186 Scottiam
753 3139 832 3183 cum
860 3120 1080 3185 multitudine
1109 3120 1304 3202 Angiorum

359 3239 400 3284 ac
426 3221 463 3285 N
464 3239 705 3284 ormannorum
732 3221 942 3303 properavit,
960 3229 994 3287 et
1015 3228 1176 3304 patruum
1203 3241 1304 3286 suum

359 3321 591 3384 Dufenaldum
620 3320 662 3383 de
688 3339 797 3402 regno
823 3321 969 3403 expulit,
1002 3329 1037 3386 et
1062 3322 1099 3385 in
1124 3322 1200 3387 loco
1229 3322 1304 3407 ejus

195 3440 329 3480 onnam.
358 3421 527 3502 regnavit.
579 3419 713 3484 Deinde
737 3421 893 3484 nonnulli
918 3421 1114 3486 Scottorum
1141 3423 1304 3487 inunum

192 3491 314 3582 iiio‘ieiid
358 3520 571 3602 congregati,
581 3519 736 3584 homines
747 3521 841 3586 illius
852 3541 938 3604 pene
947 3541 1065 3586 omnes
1076 3534 1305 3605 peremerunt,

358 3621 432 3703 ipse
446 3639 529 3684 vero
555 3640 634 3684 cum
659 3622 781 3703 paucis
803 3623 864 3686 vix
892 3623 1013 3686 evasit.
1065 3622 1304 3689 Veruntamen

357 3720 527 3803 posthaec
548 3719 646 3784 illum
668 3740 813 3803 regnare
836 3723 1077 3804 permiserunt,
1092 3742 1134 3787 ea
1159 3725 1303 3802 ratione,

262 3840 264 3844 ·
357 3827 397 3884 ut
412 3821 558 3902 amplius
573 3821 609 3884 in
633 3821 802 3885 Scottiam
819 3841 882 3886 nec
900 3821 1034 3904 Angtos
1049 3843 1113 3887 nec
1131 3824 1304 3889 Norman-

193 3941 282 3982 nnierm
357 3939 421 3985 nos
436 3921 679 3998 introduceret,
696 3922 831 4004 sibique
852 3923 1001 3986 militare
1023 3924 1169 3987 sineret‘
1215 3924 1304 3990 Cou-

194 3993 336 4033 ⁰⁰¹¹'⁰⁰¹⁸‘“¹’
357 4021 573 4085 vvenientibus
587 4022 693 4086 fenne
704 4021 811 4086 totius
827 4020 965 4104 Angliae
981 4023 1163 4107 ePiS⁰⁰Pi⁵³
1176 4025 1212 4088 in
1227 4025 1304 4108 ‘lui'

357 4121 422 4185 bus
444 4122 598 4189 Thomas
620 4122 849 4187 Eboracensis
872 4122 1150 4208 archiepiscopus
1176 4127 1304 4208 prima-
