2918 4866
422 378 616 426 nrmnnnrrr
641 378 923 428 wrconnrunsrs
1087 363 1153 427 143

198 554 314 618 regem
354 536 619 600 concitaverunt
661 534 870 599 clamoribus
912 536 985 599 suis
1033 545 1154 602 contra

200 635 499 706 Cantuariensem
525 635 835 719 archiepiscopum,
878 647 913 699 et
954 636 1066 718 magis
1112 657 1153 701 ac

200 737 313 818 magis
328 756 407 800 eum
424 736 590 800 adversus
612 736 711 800 illum
726 736 761 799 in
777 737 863 800 iram
882 747 1153 802 commoverunt.

201 835 333 900 Iterum
365 837 472 918 igitur
501 836 647 913 damnis,
678 838 803 900 iterum
840 837 1068 901 atrocioribus
1103 839 1155 900 in-

197 935 300 1019 juriis
328 936 596 1019 supermodum
626 944 661 1001 et
685 937 829 1000 nimium
859 935 992 1002 athleta
1024 936 1155 1001 Christi

203 1037 347 1100 affectus
369 1043 434 1114 est,
450 1043 486 1100 et
501 1037 614 1102 edicto
635 1036 773 1119 publico
788 1044 982 1120 praeceptus
999 1037 1156 1101 ecclesiae

202 1156 275 1200 suae
305 1143 406 1219 septa
435 1156 503 1200 non
534 1138 640 1201 exire.
698 1135 867 1221 Quisquis
901 1138 933 1202 ei
964 1139 1021 1202 vel
1052 1138 1154 1201 alicui

203 1256 344 1300 suorum
365 1236 488 1301 faciem
513 1236 658 1301 hilarem
682 1237 933 1319 praetendebat,
956 1237 1066 1302 hostis
1095 1257 1157 1321 pu-

205 1336 315 1401 blicus
330 1339 544 1402 censebatur.
596 1336 665 1402 Sed
691 1335 765 1402 baec
787 1339 904 1403 omnia
922 1338 974 1401 vir
998 1337 1065 1401 Dei
1078 1356 1157 1402 cum

204 1438 316 1502 multa
344 1438 513 1521 patientia
537 1438 735 1515 sufferebat,
760 1445 796 1503 et
826 1438 1041 1503 familiariter
1067 1439 1159 1503 inter

204 1556 287 1602 snos
313 1556 540 1616 commorans,
556 1538 819 1604 conversatione
838 1558 904 1603 sua
931 1556 1049 1602 omnes
1072 1539 1157 1603 aedi·

205 1637 343 1702 ficabat.

258 1738 339 1803 Hoc
355 1757 445 1802 anno
467 1758 531 1802 rex
555 1737 707 1820 Angliae,
722 1737 814 1801 lilius
835 1737 994 1801 Matildis
1008 1738 1157 1821 impera·
1178 1760 1310 1800 nomn.

208 1837 316 1915 tricis,
331 1839 444 1903 tenuit
467 1838 599 1902 curiam
626 1857 726 1902 suam
747 1838 784 1901 iu
812 1836 1040 1915 Normannia,
1063 1839 1156 1920 apud
1168 1826 1293 1916 lfflfss

210 1937 366 2016 Burum,1
398 1939 453 2002 die
490 1939 526 2003 N
528 1939 697 2002 ativitatis
731 1937 923 2002 Dominicae
957 1939 1017 2020 [25
1041 1939 1156 2020 Dec.],
1169 1928 1256 1967 Bm·

209 2057 287 2120 quae
313 2037 399 2102 feria
416 2046 520 2103 sexta
546 2039 675 2116 evenit,
699 2038 847 2102 multum
873 2038 1100 2103 contristatus
1123 2046 1158 2103 et

209 2138 373 2203 confusus
395 2158 458 2221 pro
481 2158 522 2203 eo
544 2138 637 2221 quod
656 2137 915 2203 Cantuariensis
931 2138 1160 2221 archiepisco-

209 2258 275 2321 pus
298 2239 477 2303 absolvcre
500 2240 611 2303 noluit
633 2240 813 2322 episcopos
834 2237 985 2321 Angliae,
1001 2259 1088 2322 quos
1110 2240 1159 2303 in·

211 2338 402 2404 nudaverat
420 2339 558 2403 vinculo
573 2339 948 2404 excommunicationis.
1002 2338 1160 2422 Cumque

211 2439 378 2521 praefatus
398 2458 460 2503 rex
489 2441 540 2504 ita
560 2446 751 2504 commotus
774 2446 868 2503 esset
890 2440 925 2503 in
945 2440 1045 2517 iram,
1075 2459 1159 2523 qua·

212 2546 291 2603 tuor
322 2539 449 2603 milites
478 2538 520 2604 de
548 2540 650 2604 domo
679 2547 715 2604 et
739 2538 872 2603 familia
902 2539 989 2623 ejuS,
1017 2549 1159 2622 propter

213 2638 318 2702 animi
343 2645 458 2703 motus
481 2658 567 2722 quos
592 2641 629 2704 in
650 2660 691 2704 eo
712 2639 880 2717 viderant,
902 2640 1058 2704 volentes
1080 2660 1159 2703 eum

214 2739 400 2816 vindicare,
418 2739 576 2817 latentes,
593 2741 767 2804 nesciente
790 2741 866 2822 ipso
883 2759 978 2819 rege,
995 2740 1040 2803 ad
1064 2760 1159 2805 mare

213 2837 464 2904 festinaverunt
486 2839 529 2903 ad
556 2838 848 2904 transfretandum
862 2840 895 2902 in
914 2838 1099 2922 Angliam3
1125 2848 1160 2905 et

213 2958 292 3003 cum
328 2939 621 3019 transfretassent,
642 2941 709 3004 iter
737 2959 838 3002 suum
864 2940 1085 3023 arripuerunt
1109 2940 1160 3004 fe-

214 3040 344 3103 stinato
370 3059 474 3104 cursu
497 3059 618 3104 versus
644 3039 882 3105 cantuariam.
933 3039 1001 3103 Sed
1014 3041 1079 3104 vix
1100 3061 1162 3123 per

214 3158 366 3204 mensem
390 3148 491 3222 pater
513 3141 550 3204 in
570 3141 716 3205 ecclesia
738 3159 802 3203 sua
818 3159 951 3204 moram
968 3140 1108 3218 fecerat,
1126 3148 1162 3205 et

215 3258 294 3304 ecce
319 3240 442 3322 quinta
472 3240 612 3305 Natalis
648 3241 703 3304 die
735 3247 906 3304 venerunt
937 3240 1162 3305 Cantuariam

216 3340 371 3422 praedicti
387 3349 537 3423 quatuor
551 3341 688 3419 milites,
701 3341 806 3405 immo
822 3340 985 3405 Satbanae
1002 3342 1164 3406 conducti

216 3440 395 3517 satelliteS,
413 3461 561 3524 quornm
585 3443 725 3505 uomina
752 3442 830 3506 haec·
854 3448 948 3518 sunt,
965 3442 1163 3506 Willelmus

217 3539 258 3602 de
285 3541 403 3618 Traci,
432 3542 541 3623 Hugo
564 3541 607 3606 de
633 3542 831 3618 Morevilla,
855 3540 1029 3606 Ricardus
1052 3543 1163 3618 Brito,

218 3638 437 3720 Reginaldus
454 3641 545 3705 filius
570 3641 673 3722 Ursi3
697 3649 733 3707 et
755 3643 791 3706 in
812 3634 929 3705 furore
952 3662 1016 3707 suo
1039 3642 1164 3707 armati

217 3740 405 3818 venientes
419 3742 627 3806 invenerunt
643 3742 847 3824 praedictum
866 3742 1163 3826 archiepiscopum

216 3839 252 3902 in
283 3842 427 3925 templo,
454 3849 489 3906 et
516 3842 551 3905 in
584 3842 661 3925 ipso
688 3842 808 3925 templi
841 3844 1000 3924 ingressu
1029 3844 1164 3924 magnis

216 3940 424 4006 clamoribus
449 3942 625 4018 dixerunt,
657 3942 762 4020 ‘Ubi,
790 3943 848 4007 ubi
876 3951 930 4008 est
966 3943 1163 4026 proditorl'

572 4169 579 4199 ¹
598 4171 717 4233 Buram]
737 4171 813 4220 Bure.
