2918 4866
379 379 423 445 64
658 390 659 393 ’
748 393 957 442 eunomcou

380 561 515 618 vertere
547 547 757 629 tentaverit,
799 548 1044 616 anathematis
1073 551 1223 630 vinculo,
1263 553 1330 617 nisi

381 653 575 737 resipuerit,
603 653 799 729 innodetur,
822 651 962 716 honoris
987 670 1125 734 quoque
1152 672 1194 717 ac
1219 653 1331 734 digni-

381 754 464 819 tatis
481 773 555 818 suae
573 753 761 836 periculum
779 753 953 834 patiatur;
978 753 1200 817 observantes
1214 759 1330 817 autem

381 854 615 918 misericordia
641 853 759 917 divina
784 852 970 929 custodiat,
999 859 1034 917 et
1060 872 1243 936 personam
1268 873 1334 935 po-

381 961 612 1036 testatemque
633 962 729 1019 tuam
750 953 794 1017 ad
818 953 981 1016 honorem
1004 971 1105 1017 suum
1128 960 1163 1017 et
1183 954 1330 1038 gloriam

381 1053 542 1118 foeliciter
554 1054 724 1137 imperare
739 1053 930 1117 concedat.’

432 1153 502 1218 His
523 1153 809 1218 conventionibus
831 1160 866 1218 et
883 1151 1092 1237 juramentis
1114 1154 1204 1218 iuter
1218 1153 1329 1220 domi·

381 1273 463 1317 num
477 1273 602 1337 papam
615 1260 650 1317 et
662 1273 789 1334 regem,
802 1253 838 1316 in
849 1252 1013 1317 Paschali
1027 1253 1331 1332 festivitate,sacta

381 1361 435 1418 est
454 1354 646 1419 concordia.
698 1353 833 1418 Deinde
851 1353 1000 1418 Romam
1023 1355 1101 1418 idus
1122 1353 1253 1437 Aprilis
1271 1353 1330 1440 [13

330 1537 332 1541 ι
380 1449 485 1543 Apa]
516 1474 578 1519 rex
603 1454 709 1530 veuit,
736 1472 838 1536 quem
866 1473 958 1537 papa
976 1454 1013 1518 iu
1039 1455 1185 1519 ecclesia
1210 1455 1330 1520 Sancti

381 1552 490 1631 Petri,
513 1555 652 1619 missam
675 1552 864 1630 celebrans,
887 1555 922 1617 in
945 1555 1188 1638 imperatorem
1212 1575 1330 1620 conse·

379 1655 502 1732 cravit,
520 1661 556 1719 et
572 1655 603 1719 ei
621 1655 762 1737 suisque
785 1655 942 1718 omnibus
964 1655 1216 1721 absolutionem
1234 1656 1330 1734 fecit,

216 1780 334 1821 rmnan-
380 1762 416 1818 et
432 1774 566 1820 omnem
583 1754 743 1838 injuriam
758 1755 822 1818 sibi
840 1754 967 1818 factam
983 1754 1203 1820 condonavit.
1248 1755 1327 1821 Rex

215 1832 289 1871 drianr
299 1831 359 1870 luba-

215 1882 367 1929 unnssmna
380 1854 574 1937 Auglorum
594 1854 781 1920 Heinricus
805 1854 1036 1919 Flaudrenses
1053 1857 1114 1938 qui
1140 1856 1331 1940 Northym-

216 1933 346 2022 tillitus
379 1955 488 2019 briam
500 1955 709 2032 incolebant,
721 1975 799 2018 curn
810 1961 886 2019 tota
898 1955 1104 2037 supellectili
1115 1975 1188 2038 sua,
1199 1957 1329 2022 iu-Wa·

216 2037 239 2074 ²⁰
249 2033 327 2074 Μ’·
380 2056 508 2119 leniam
525 2055 715 2132 transtulit,
730 2063 765 2119 et
782 2061 921 2132 terram,
935 2073 1014 2137 qnae
1030 2055 1106 2120 Ros
1120 2058 1329 2134 nominatur,

217 2184 318 2223 mem
379 2155 528 2219 incolere
553 2155 729 2238 praecepit.
782 2154 923 2219 Novum
943 2156 1047 2219 etiam
1070 2158 1329 2236 monasterium,

216 2235 368 2324 bilbili?
381 2256 472 2336 quod
485 2254 574 2319 infra
586 2254 915 2319 murumWintoniae
927 2262 1013 2332 erat,
1025 2257 1330 2337 agenteWillelmo

215 2334 368 2436 ppptcpymout
379 2355 613 2420 Wintoniensi
635 2355 809 2439 episcopo,
827 2375 889 2418 rex
905 2363 1007 2420 extra
1023 2376 1156 2420 murum
1175 2359 1329 2421 construi

217 2489 321 2528 amere
375 2456 502 2539 jussit:
519 2463 554 2520 et
566 2476 634 2520 non
647 2455 756 2520 multo
770 2463 849 2538 post
858 2475 953 2519 mare
966 2457 1111 2521 transiit.
1145 2457 1329 2521 Hocanno

216 2537 346 2628 &iiim
380 2556 489 2620 hiems
505 2557 705 2638 asperrima,
728 2556 836 2620 fames
852 2556 980 2633 valida,
1004 2557 1198 2622 mortalitas
1221 2557 1328 2622 bomi-

379 2676 475 2734 num,
490 2658 598 2739 pestis
613 2657 826 2733 animalium,
839 2657 1028 2737 agrestium
1044 2657 1147 2721 simul
1165 2665 1200 2723 et
1215 2656 1329 2722 dorne·

379 2757 556 2835 sticorum,
574 2764 779 2840 stragesque
794 2756 911 2821 avium
925 2757 1045 2822 extitit
1059 2758 1285 2841 permaxima.

449 2957 534 3000 AO‘HO
553 2958 681 3001 courum
701 2959 814 3002 coruus
835 2957 972 3001 numu
993 2958 1032 3001 DE
1051 2957 1254 3002 mvusrmuan.

223 3060 351 3140 ΜΝΞ·
427 3052 544 3117 ‘Anno
576 3054 800 3136 pontificatus
832 3054 962 3119 domini
1003 3075 1104 3138 papae
1145 3042 1327 3120 Pasobalis

214 3128 357 3220 ffrhiaiii'i'iss
378 3151 527 3216 Secundi
554 3170 648 3227 xru,
675 3152 861 3217 indictione
886 3171 932 3232 v.,
954 3175 1071 3220 mense
1096 3156 1239 3233 Martio,
1265 3173 1327 3222 xv.

379 3250 448 3315 kal.
469 3251 600 3333 Aprilis
625 3251 685 3331 [18
703 3251 824 3334 Mar.],
847 3254 1057 3319 celebratum
1077 3263 1131 3320 est
1147 3255 1328 3320 concilium

380 3349 516 3429 Romae,
555 3350 750 3428 Lateranis,
782 3353 819 3415 in
852 3354 996 3419 basilica
1028 3354 1329 3422 Constantiniana.

380 3449 423 3513 ln
435 3471 504 3532 qno
518 3471 597 3514 cum
609 3451 768 3515 dominus
780 3471 872 3535 papa
883 3455 1055 3520 rediisset¹
1071 3475 1150 3520 cum
1163 3455 1331 3540 archiepi-

378 3551 506 3634 scopis,
523 3558 559 3614 et
574 3552 757 3635 episcopis,
772 3558 807 3616 et
822 3553 1066 3633 cardinalibus,
1080 3563 1115 3622 et
1128 3557 1227 3622 varia
1239 3557 1330 3621 mul-

379 3651 527 3715 titudine
549 3651 749 3716 clericorum
772 3659 808 3717 et
829 3653 1010 3732 laicorum,
1026 3656 1151 3721 ultima
1167 3656 1225 3721 die
1246 3676 1331 3724 con·

379 3751 461 3827 cilii,
484 3751 578 3817 facta
600 3771 715 3816 coram
737 3752 896 3817 omuibus
919 3755 1131 3838 professione
1149 3756 1330 3823 catholica>

380 3848 470 3927 fidei,
504 3872 546 3915 ue
579 3853 657 3933 quis
687 3853 730 3916 de
761 3853 829 3917 fide
858 3853 967 3936 ipsius
1003 3856 1191 3935 dubitaret,
1219 3857 1328 3923 dixit:

379 3950 606 4034 ‘Amplector
622 3972 757 4016 omnem
780 3953 931 4018 divinam
947 3957 1167 4038 scripturam,
1184 3957 1328 4036 scilicet,

380 4050 519 4115 Veteris
554 4072 594 4116 ao
622 4052 716 4116 Novi
749 4052 975 4132 Testamenti,
1005 4056 1118 4138 legem
1149 4076 1171 4121 a
1203 4057 1329 4141 Moyse

379 4151 541 4233 scriptam
584 4159 618 4215 et
652 4172 673 4216 a
711 4153 842 4219 sanctis
879 4154 1065 4239 prophetis.
1127 4156 1331 4240 Ampleotor

588 4279 594 4308 ¹
615 4281 758 4348 Redimet]
776 4284 934 4336 Resedisset.
975 4285 1018 4337 W.
1030 4286 1117 4336 Multa.
