2918 4866
369 392 413 459 20
755 408 967 456 orrnomoon

374 570 503 636 niensis
527 568 659 646 Aldus,
687 576 722 632 et
745 569 853 633 abbas
879 566 1100 633 Persorensis
1125 567 1322 632 Turstanus

374 671 606 735 decesserunt.
658 667 751 733 Ante
766 667 1047 752 Assumptionem
1063 669 1099 733 S.
1117 669 1242 733 Mariae
1264 669 1324 750 [15

375 769 498 852 Aug.],
514 790 576 835 rex
592 769 789 834 Willelmus
811 771 847 832 in
871 769 1055 834 Franciam
1072 789 1148 834 cum
1168 770 1323 843 exercitu

375 872 483 945 venit,
498 879 534 934 et
550 869 715 953 oppidum
736 870 827 951 quod
853 870 1076 935 Mathantum
1091 876 1324 952 nuncupatur,

376 979 412 1037 et
427 991 544 1036 omnes
561 971 725 1035 ecclesias
749 971 785 1033 in
807 990 848 1034 eo
871 972 969 1047 sitas,
988 971 1144 1052 duosque
1159 970 1324 1047 reclusos,

376 1073 457 1154 igne
481 1071 671 1147 succendit,
694 1071 842 1153 indeque
866 1072 901 1134 in
927 1071 1179 1135 Normanuiam
1203 1070 1322 1134 rediit:

212 1185 329 1232 futurem
377 1172 437 1237 sed
467 1173 502 1234 in
531 1172 607 1254 ipso
639 1171 752 1234 reditu
781 1172 876 1235 dirus
904 1172 1073 1235 viscerum
1100 1171 1198 1235 dolor
1226 1170 1323 1234 illum

378 1271 616 1355 apprehendit,
642 1278 678 1334 et
701 1271 813 1352 magis
837 1290 878 1335 ac
901 1272 1013 1351 magis
1039 1272 1082 1334 de
1104 1271 1158 1335 die
1175 1272 1211 1334 in
1233 1271 1323 1334 diem

213 1392 304 1432 rerem·
379 1373 559 1454 gravabat.
612 1370 701 1435 Cum
717 1379 832 1435 autem
847 1371 1107 1454 ingravescente
1121 1371 1326 1454 aegritudine

214 1440 331 1540 iiiiii*
378 1474 468 1536 diem
481 1472 600 1536 mortis
612 1471 677 1534 sibi
686 1472 861 1536 imminere
871 1472 1044 1547 sensisset,
1058 1471 1198 1536 fratrem
1212 1490 1325 1547 suum,

380 1573 537 1637 Odonem
555 1570 779 1636 Baiocensem
795 1573 1006 1656 episcopum,
1021 1573 1164 1636 comites
1183 1570 1328 1636 Morka-

379 1693 456 1736 rum
478 1679 513 1736 et
531 1673 721 1754 Rogerum,
747 1673 951 1749 siwardum,
967 1680 1195 1753 cognomento
1218 1672 1326 1748 Baru,

380 1781 415 1837 et
430 1772 635 1839 Wlnothum
657 1774 749 1855 regis
775 1773 924 1837 Haroldi
948 1791 1161 1854 germanum,
1182 1791 1286 1854 quem
1306 1791 1328 1835 a

381 1874 531 1956 pueritia
549 1880 708 1937 tenuerat
725 1874 760 1936 iu
779 1873 946 1948 custodia,
970 1880 1005 1937 et
1023 1893 1142 1936 omnes
1160 1892 1246 1954 quos
1269 1873 1327 1936 vel

381 1972 417 2036 in
440 1971 570 2055 Anglia
588 1971 644 2036 vel
666 1972 701 2035 in
726 1971 941 2036 Normannia
963 1973 1130 2037 custodiae
1152 1972 1328 2055 mancipa-

217 2093 347 2144 aopomor
382 2079 452 2149 rat,
477 2072 623 2136 laxavit.
675 2071 767 2136 Dein
795 2071 866 2136 filio
891 2091 954 2137 suo
979 2072 1156 2137 Willelmo
1184 2077 1327 2155 regnum

217 2145 334 2186 mmm*
383 2172 524 2237 tradidit
553 2170 703 2255 Angliae,
733 2179 769 2235 et
801 2171 985 2249 Rotberto,
1006 2172 1078 2237 filio
1109 2192 1172 2237 suo
1202 2173 1329 2256 primo-

382 2272 512 2353 genito,
528 2271 588 2352 qui
608 2281 692 2338 tunc
712 2272 879 2336 exulabat
894 2274 929 2336 in
952 2273 1111 2351 Francia,
1127 2274 1330 2338 comitatum

219 2393 332 2434 narem
383 2371 550 2436 concessit
581 2371 825 2437 Normanniae:
859 2380 893 2436 et
920 2373 983 2450 sio,
1013 2373 1147 2437 coelesti
1175 2374 1330 2437 munitus

218 2441 344 2484 “mm
384 2472 520 2548 viatico,
555 2480 739 2555 postquam
769 2488 836 2535 xx.
869 2473 979 2549 annis,
1006 2473 1181 2537 mensibus
1213 2490 1266 2551 x.,
1296 2481 1331 2537 et

384 2587 521 2638 xxvul.
549 2572 681 2649 diebus,
702 2572 798 2654 genti
825 2570 1017 2655 Anglorum
1043 2572 1192 2657 praefuit,
1210 2574 1328 2638 iduum

382 2669 558 2754 Septemb.
574 2673 629 2738 die
647 2680 696 2738 v⁰.
715 2672 752 2754 [9
769 2671 895 2755 Sept.],
910 2692 1053 2759 regnum
1070 2693 1148 2738 oum
1164 2674 1238 2739 vita
1252 2695 1330 2757 per·

383 2771 481 2850 didit,
504 2779 539 2836 et
560 2772 715 2850 Cadomi,
739 2772 775 2836 in
798 2773 945 2837 ecclesia
969 2774 1005 2838 S.
1020 2774 1187 2857 Stephani
1203 2772 1329 2840 Proto-

383 2872 559 2955 martyris,
577 2894 680 2956 quam
698 2874 773 2956 ipse
794 2893 816 2937 a
833 2873 1065 2938 fundamentis
1087 2882 1331 2940 construxerat

222 2992 372 3091 mand
384 2972 552 3055 bonisque
567 2975 752 3050 ditaverat,
774 2974 932 3056 sepultus
949 2975 1144 3056 requiescit.
1196 2976 1332 3040 Willel·

221 3093 342 3132 coronatus
352 3092 376 3132 or
384 3090 461 3135 mus
490 3080 606 3137 autem
632 3074 722 3136 filius
748 3073 824 3156 ejus
849 3071 1014 3154 Angliam
1040 3075 1203 3140 festinato
1233 3077 1330 3155 adiit,

221 3144 315 3183 ΝΜ
324 3143 355 3185 Π·
384 3173 513 3236 ducens
528 3192 645 3237 secum
658 3172 864 3237 Wlnothum
880 3179 915 3235 et
930 3172 1157 3255 Morkarum;
1173 3176 1234 3240 sed
1248 3197 1332 3242 mox

384 3278 425 3336 ut
439 3272 653 3336 Wintoniam
676 3273 782 3348 venit,
803 3273 894 3349 illos,
917 3280 957 3336 ut
981 3275 1076 3356 prius
1098 3275 1248 3353 fueraut,
1271 3297 1332 3340 cu-

384 3371 507 3438 stodiae
523 3372 745 3455 mancipavit,
758 3379 793 3436 et
808 3388 854 3436 v1.
870 3370 941 3436 kal.
954 3372 1116 3440 Octobris
1132 3376 1191 3456 [26
1207 3376 1333 3460 Sept.]‚

385 3471 439 3537 die
454 3471 649 3548 Dominioo‚
665 3472 700 3535 in
715 3470 1038 3553 westmonasterio,
1054 3495 1076 3539 a
1101 3475 1330 3556 Landfranoo,

386 3669 418 3718 he
429 3684 484 3718 was
496 3669 595 3732 wiliiug
611 3675 636 3719 to
653 3675 777 3720 oommute
795 3672 848 3721 into
872 3672 981 3736 through
1009 3689 1056 3723 oue
1083 3675 1113 3724 of
1138 3675 1180 3724 the
1201 3676 1336 3728 windows.

386 3754 403 3788 a
413 3743 532 3801 payment
542 3739 571 3788 oi
579 3740 654 3790 tithee
665 3745 691 3791 to
699 3741 741 3790 the
753 3742 848 3805 olergy.
874 3743 944 3792 With
960 3743 1012 3792 him
1026 3744 1071 3797 fell
1085 3744 1126 3794 hie
1142 3745 1243 3795 brother
1253 3747 1336 3797 Bene·

387 3809 492 3872 Fleeing
508 3809 571 3858 from
587 3811 630 3859 the
648 3811 806 3874 indignation
823 3813 852 3861 of
873 3813 926 3862 dict
955 3815 1006 3862 and
1037 3819 1171 3864 terentesn
1199 3816 1334 3868 followers.

386 3879 427 3928 his
445 3880 544 3941 people,
558 3895 586 3928 eo
598 3882 681 3943 justly
697 3883 798 3931 excited
814 3883 848 3944 by
873 3883 1336 3950 Cnutwascanonized‚andregarded

386 3950 457 3999 these
472 3951 643 4012 oppressione,
654 3951 685 4001 he
702 3952 753 4001 had
770 3953 848 4001 taken
872 3967 901 4002 as
912 3953 954 4003 the
967 3959 1132 4016 protomartyr
1146 3957 1176 4005 of
1193 3956 1333 4009 Demnark.

386 4021 475 4081 refuge
486 4022 512 4068 in
524 4019 565 4068 the
576 4020 671 4070 church
681 4023 710 4071 of
718 4023 754 4070 St.
762 4023 847 4071 Alban
873 4023 923 4074 His
935 4025 1011 4074 death
1022 4025 1081 4074 took
1091 4025 1164 4086 place
1172 4039 1207 4075 vr.
1215 4027 1251 4077 id.
1259 4028 1277 4078 J
1279 4029 1335 4092 ulii,

387 4094 414 4138 at
422 4090 533 4152 Odeum,
541 4090 626 4140 where
637 4092 669 4141 he
679 4092 796 4141 received
806 4092 847 4142 hie
871 4095 913 4144 die
920 4095 1035 4156 Veneris,
1046 4110 1070 4146 a.
1081 4099 1152 4146 1⁰86.
1189 4096 1336 4148 Dahlmann

387 4159 578 4222 death-wound,
595 4161 673 4211 while
702 4163 847 4225 embracing
872 4169 901 4213 ut
918 4182 975 4228 sup.
987 4182 1013 4227 p.
1025 4169 1072 4214 2⁰1
1084 4181 1159 4231 seqq„
1177 4167 1227 4217 and
1246 4169 1336 4233 Suhm,

387 4230 430 4280 tbe
438 4231 604 4295 alter,froma
611 4233 709 4294 jnveliu
717 4235 847 4296 projected
873 4235 922 4284 Bd.
933 4249 966 4284 u.
979 4251 1006 4297 p.
1014 4239 1072 4284 703.
