2918 4866
361 407 553 457 rnonmrrn
584 408 863 458 wrconumusrs.
1024 395 1089 459 227

138 566 181 631 de
191 565 357 643 Audolee,
373 574 408 633 ct
422 568 540 653 pluras
557 568 616 632 alii
634 555 795 633 cumillis
811 570 845 633 in
861 567 1087 647 Nordwallia,
1111 645 1112 648 Ἴ

135 668 267 750 absque
296 669 414 753 aliquo
440 669 669 734 Wallensium
695 670 912 746 detrimento,
943 670 1085 753 quidam

136 767 301 849 fugiendo
330 769 430 853 aquis
456 771 638 852 intercepti
668 778 701 834 et
734 771 913 844 submersi,
943 769 1084 852 quidam

136 869 333 934 ceciderunt
348 869 474 951 gladio.
510 870 699 952 Rebusque
714 871 820 952 igitur
835 871 885 934 sic
902 890 939 934 se
956 871 1129 935 haben-e
1070 882 1129 973 -gp
1126 884 1210 975 genefl

136 967 242 1047 tibus,
268 969 475 1045 Leweliuus,
502 970 663 1054 princeps
688 969 840 1047 Walliae,
867 987 915 1035 rv
942 970 986 1034 id.
1013 971 1084 1034 De·
1146 946 1187 985 y

136 1069 245 1135 oemb.
277 1067 336 1154 [10
359 1069 478 1156 Dec.,]
496 1069 582 1135 feria
607 1080 721 1148 sexta,
745 1057 789 1134 ab
813 1071 968 1135 exercitu
992 1071 1084 1152 regis

136 1166 299 1252 Angliae
288 1191 325 1235 m
343 1169 549 1235 Suthwallia
569 1172 791 1254 interceptus,
811 1172 882 1235 vita
900 1171 1091 1256 capiteque

134 1270 293 1351 privatus
319 1277 392 1335 est:
417 1271 516 1355 cujus
540 1280 645 1354 caput
673 1273 708 1336 in
728 1272 880 1342 crastino
898 1271 943 1335 ad
966 1291 1081 1353 regem

135 1369 170 1432 in
205 1370 457 1436 Nordwalliam
496 1379 550 1436 est
586 1373 735 1450 illatum,
766 1373 826 1455 qui
852 1372 970 1436 statim
996 1372 1082 1436 illud

135 1471 304 1536 exercitui
326 1491 391 1536 suo
408 1471 444 1535 in
461 1470 659 1556 Angleseye
682 1473 908 1538 commoranti
929 1472 1082 1537 destina-

126 1570 207 1649 ,vit3
249 1571 349 1656 cujus
381 1579 567 1655 conspectu
605 1573 742 1638 satiatis
782 1570 1081 1654 Anglesiensibus,

133 1672 251 1735 statim
287 1672 475 1738 Londoniae
505 1671 632 1757 jussit¹
659 1672 845 1756 deportari.
906 1673 950 1736 In
981 1673 1081 1756 cujus

133 1789 327 1850 occursum,
359 1774 395 1837 in
422 1775 574 1837 crastino
602 1773 637 1837 S.
654 1774 798 1839 Thomae
827 1773 988 1855 Apostoli
1022 1771 1081 1858 [22

134 1871 252 1958 Dec.],
271 1881 437 1938 exeuntes
463 1873 733 1951 londonienses,
749 1894 827 1939 cum
846 1874 938 1937 tubis
953 1883 988 1938 et
1003 1894 1080 1937 cor-

133 1972 246 2050 nibus,
277 1974 363 2038 illud
392 1994 454 2056 per
491 1993 609 2038 omnes
634 1975 738 2038 ,vicos
775 1974 965 2039 Londoniae
1001 1993 1079 2037 cum

132 2072 296 2154 clangore
319 2074 467 2139 mirabili
490 2075 740 2139 conduxerunt.
793 2074 872 2154 Quo
889 2074 993 2151 sacto,
1008 2076 1080 2139 col-

133 2172 282 2255 listrigio
308 2195 372 2239 suo
387 2181 462 2239 toto
485 2175 578 2239 illius
595 2176 663 2241 diei
687 2175 823 2240 residuo
844 2175 928 2238 illud
950 2175 1079 2239 defixe-

133 2281 236 2353 runt;
264 2273 573 2358 advesperascente
590 2296 673 2341 vero
688 2276 756 2353 die,
771 2277 815 2339 ad
830 2275 969 2339 Turrim
986 2275 1079 2339 Lou-

133 2372 246 2438 doniae
284 2384 338 2440 est
373 2376 604 2458 deportatum,
645 2385 681 2441 et
721 2377 757 2439 in
797 2377 936 2440 excelsa
981 2376 1078 2439 trabe

132 2474 350 2540 transfixum.
403 2475 538 2559 Corpus
566 2496 648 2540 vero
669 2475 845 2560 principis,
860 2482 1021 2539 truncum
1043 2485 1078 2540 et

133 2572 297 2653 lacerum,
340 2577 375 2640 in
420 2577 560 2641 abbatia
605 2577 648 2640 de
695 2576 825 2641 Cunnir
867 2575 910 2638 de
958 2575 1078 2639 ordine

133 2672 352 2740 cisterciensi
382 2684 437 2741 est
461 2678 648 2759 sepultum.
701 2675 830 2739 Piratae
862 2675 1002 2757 quidam
1034 2674 1168 2776 demea
1099 2692 1218 2877 mgggp't,y

132 2772 271 2839 Selland
315 2784 349 2842 et
391 2776 559 2853 Holland,
596 2777 688 2841 circa
731 2774 1003 2840 Gernemutham
1042 2782 1125 2887 etDp
1123 2749 1168 2879 {gg

133 2873 325 2954 Donewio,²
365 2877 582 2960 tyrannidem
633 2883 836 2940 exercentes
881 2849 1103 2956 piraticam,¹'

131 2993 346 3088 quaecunque
381 2977 447 3041 sibi
480 2977 658 3042 obviantia
686 2975 988 3058 depraedabantur,
1015 2974 1076 3039 bo-

131 3073 241 3140 mines
270 3078 502 3155 trucidabant,
535 3096 640 3142 naves
672 3075 856 3140 nonnullas
884 3096 962 3140 cum
992 3095 1076 3139 con-

130 3176 235 3239 tentis
273 3195 389 3241 secum
427 3177 655 3243 abduxerunt.
717 3176 927 3253 Florentius,
963 3193 1077 3240 comes

131 3273 343 3352 Hollandiae,
364 3279 400 3342 in
425 3279 591 3342 ultionem
615 3276 735 3341 mortis
765 3276 943 3354 Willelmi,
966 3275 1076 3358 patris

128 3375 196 3452 sui,
211 3376 340 3442 dudum
358 3398 380 3442 a
399 3378 614 3443 Frisionibus
628 3377 812 3453 interiecti,
825 3383 861 3440 et
875 3375 965 3440 inter
981 3376 1076 3458 ipsos

128 3473 357 3556 ignominiose
383 3477 522 3561 sepulti,
550 3479 703 3560 gloriose
731 3476 955 3558 triumphans,
977 3477 1076 3558 quin-

128 3573 240 3640 decim
269 3578 376 3642 millia
410 3579 607 3643 Frisionum
639 3577 824 3654 interemit,
852 3575 1077 3659 nonnullique

128 3684 223 3740 metu
241 3678 376 3744 comitis
395 3679 543 3761 patriam
562 3679 758 3743 deserentes
782 3683 1077 3759 spontaneumque

128 3775 273 3841 exilium
293 3779 494 3856 subeuntes,
515 3778 558 3842 ad
575 3778 646 3842 alia
660 3797 698 3842 se
714 3777 793 3841 loca
807 3777 947 3842 diversa
963 3784 1076 3840 trans·

127 3875 295 3944 tulerunt.
349 3877 484 3962 Corpus
514 3879 622 3960 igitur
651 3877 760 3961 patris
791 3878 846 3940 sui
875 3876 967 3959 apud
1000 3876 1076 3939 Fri·

126 3975 256 4056 siones,
282 3979 404 4060 paneis
433 3978 572 4043 arbitris
603 3977 752 4059 inglorie
780 3977 1002 4052 tumulatum,
1031 3975 1076 4038 ad

163 4124 293 4198 ‘Jursr'tJ
304 4132 363 4186 MS.
375 4136 487 4198 jussum.
611 4121 1077 4252 fflbrr'pngnggfflllimewiffl
