2918 4866
425 425 618 475 vnoanrvvrr
642 425 921 477 wroourvrurvsrs.
1085 410 1151 476 259

250 576 464 659 Alexander,
492 584 558 648 Dei
587 583 701 665 gratia
727 602 792 646 rex
826 583 964 661 Scotiae,
993 584 1312 692 ⁰m⁰1b¹¹⁸3¹gss⁸g⁰gg¹gss

204 677 334 744 Christi
350 681 519 761 fidelibus,
535 684 600 749 hoc
626 684 792 766 scriptum
818 684 944 747 visuris
970 685 1026 749 vel
1055 687 1150 750 audi·
1162 703 1194 743 11·
1204 703 1307 752 refertur

202 778 301 853 turia,
333 782 492 849 salutem.
559 782 616 847 Ad
654 790 807 848 vestram
838 785 998 848 volumus
1033 787 1149 850 venire
1162 753 1296 852 delibili?

202 878 373 966 notitiam,
390 902 453 947 nos
471 884 648 967 pronubis
664 892 700 948 et
713 883 907 948 haeredibus
923 885 1052 949 nostris
1068 905 1148 950 con·
1162 853 1266 952 lfflr
1273 853 1311 942 ‘0¹3⁸

201 978 359 1057 cessisse,
375 989 410 1047 et
433 983 581 1048 fideliter
603 983 802 1067 promisisse
817 984 995 1049 carissimo
1011 991 1047 1049 et
1063 984 1148 1067 ligio
1162 953 1288 1003 Hmffl'

202 1076 341 1142 domino
365 1089 483 1148 nostro
502 1083 669 1162 Heurico,
687 1083 756 1148 Dei
778 1083 892 1166 gratia
914 1084 988 1166 regi
1009 1083 1147 1165 Angliae

199 1176 338 1256 illustri,
364 1182 503 1248 domiuo
528 1183 730 1267 Hyberniae,
759 1183 839 1247 duci
865 1182 1090 1247 Normanniae
1112 1193 1148 1250 et

199 1274 408 1359 Aquitaniae,
425 1289 460 1346 et
478 1285 595 1348 comiti
614 1281 838 1365 Andegaviae,
853 1291 889 1347 et
907 1283 979 1347 suis
1002 1282 1147 1347 haeredi-

197 1377 275 1453 bus,
290 1381 382 1459 quod
397 1382 433 1445 in
454 1391 658 1466 perpetuum
678 1384 709 1447 ei
728 1384 853 1446 bonam
871 1382 973 1447 fidem
993 1385 1147 1448 servabi-

198 1496 287 1554 mus,
305 1481 435 1562 pariter
448 1491 484 1547 et
508 1502 671 1547 amorem.
716 1482 763 1547 Et
780 1482 872 1565 quod
889 1502 1064 1564 uunquam
1086 1484 1146 1547 ali-

200 1577 283 1657 quid
301 1579 415 1645 soedus
430 1582 592 1647 inibimus
606 1601 669 1664 per
684 1600 761 1659 nos,
772 1582 827 1647 vel
842 1600 903 1664 per
917 1582 1051 1665 aliquos
1067 1602 1147 1648 nos·

199 1683 272 1740 tros
286 1699 331 1742 ex
349 1688 449 1762 parte
464 1689 595 1757 nostra,
614 1701 692 1747 cum
712 1681 857 1746 inimicis
873 1701 992 1764 regum
1008 1681 1148 1763 Angliae

201 1777 257 1839 vel
283 1779 458 1844 haeredum
477 1801 630 1859 suorum,
651 1782 694 1845 ad
717 1800 876 1862 guerram
898 1782 1149 1863 procurandam

202 1877 258 1939 vel
279 1878 483 1958 faciendam,
506 1882 596 1946 unde
611 1882 774 1945 damnum
797 1882 845 1944 eis
866 1881 921 1944 vel
942 1882 1058 1962 regnis
1076 1882 1150 1945 suis
1188 1947 1190 1951 ,

203 1974 341 2058 Angliae
369 1986 404 2044 et
439 1981 642 2065 Hyberniae,
675 1988 737 2044 aut
771 1980 905 2045 caeteris
942 1981 1043 2044 terris
1074 1981 1148 2045 suis

202 2078 351 2155 eveniat,
377 2080 431 2144 vel
451 2081 560 2163 possit
582 2081 800 2163 aliquatenus
823 2079 972 2157 evenire,
998 2079 1065 2143 nisi
1084 2100 1148 2145 nos

202 2176 330 2260 injuste
345 2187 504 2259 gravent.
545 2181 791 2262 Stantibusque
806 2179 842 2242 iu
857 2198 920 2243 suo
936 2181 1059 2244 robore
1070 2199 1150 2244 con-

203 2279 422 2343 ventionibus
442 2280 533 2344 inter
554 2299 618 2345 nos
636 2286 671 2344 et
688 2279 818 2344 dictum
834 2277 1010 2343 dominum
1032 2300 1148 2361 regem

203 2374 344 2458 Angliae
358 2379 453 2444 initis
469 2379 592 2444 ultimo
610 2379 702 2462 apud
720 2380 927 2456 Eboracum,
944 2381 981 2442 iu
996 2398 1149 2463 praesen-

203 2476 252 2539 tia
275 2476 404 2541 domini
428 2479 587 2557 Othonis,
610 2479 730 2543 Sancti
757 2477 1152 2543 Nicholai-in-Carcere·

204 2575 299 2642 Tull.
314 2577 463 2656 diaconi,
479 2587 563 2645 tunc
578 2579 779 2662 apostolicae
796 2578 888 2642 sedis
903 2579 1010 2660 legati
1025 2578 1060 2641 in
1076 2576 1151 2642 An·

204 2675 288 2756 glia.
318 2677 363 2740 Et
377 2679 485 2742 salvis
500 2679 787 2745 conventionibus
797 2677 899 2742 factis
913 2697 1017 2759 super
1032 2678 1151 2742 matri-

204 2776 320 2840 monio
334 2778 569 2844 contrahendo
582 2779 672 2843 inter
689 2779 796 2842 filium
817 2784 971 2842 nostrum
989 2785 1025 2842 et
1044 2776 1151 2840 filiam

204 2874 287 2938 dicti
302 2876 431 2941 domini
445 2880 537 2960 regis
547 2877 698 2960 Angliae.
726 2878 772 2942 Et
786 2884 827 2941 ut
841 2877 915 2940 haec
931 2884 1052 2941 nostra
1068 2895 1151 2941 con·

182 2976 316 3040 ¹cessio
351 2985 386 3042 et
419 2979 614 3060 promissio,
646 2998 710 3060 pro
746 2978 846 3042 uobis
884 2985 921 3040 et
958 2974 1152 3041 haeredibus

207 3077 333 3139 nostris
366 3086 543 3161 perpetuae
572 3077 748 3141 firmitatis
773 3079 881 3140 robur
911 3077 1080 3153 obtineat,
1103 3076 1153 3140 se-

206 3175 315 3239 cimus
326 3176 446 3259 jurare
461 3180 498 3243 in
513 3180 664 3243 animam
675 3183 828 3241 nostram
841 3176 989 3240 Alanum
1007 3176 1152 3241 Hostia·

205 3275 307 3352 rium,
332 3277 381 3341 H.
405 3278 448 3341 de
480 3277 622 3343 Bailloil
655 3284 691 3342 et
722 3284 877 3353 caeteros,
907 3274 999 3358 quod
1039 3275 1154 3340 omnia

206 3375 373 3456 praedicta
396 3378 488 3441 bona
513 3378 580 3442 fide
602 3376 746 3441 firmiter
770 3383 805 3440 et
825 3375 973 3440 fideliter
990 3376 1153 3441 observa·
1238 3449 1243 3455 ,

208 3477 330 3546 bimus.
382 3477 429 3541 Et
454 3478 612 3542 similiter
630 3478 752 3562 jurare
776 3475 920 3541 fecimus
941 3474 1153 3540 venerabiles

207 3582 336 3658 patres,
352 3578 480 3655 David,
497 3578 725 3655 Willelmum,
740 3586 776 3640 et
791 3575 997 3650 Galfridum,
1021 3582 1057 3639 et
1073 3574 1152 3640 Cle·

209 3683 370 3752 mentem,
396 3676 431 3741 S.
448 3676 610 3755 Andreae,
634 3676 832 3741 Glasconiae
849 3683 884 3739 et
911 3683 1054 3739 caeteros
1080 3676 1152 3758 epi·

208 3795 344 3859 scopos.
397 3777 443 3841 Et
465 3783 632 3860 praeterea
645 3776 764 3840 fideles
785 3782 933 3851 nostros,
961 3774 1152 3839 Patricium

210 3878 371 3940 comitem
403 3876 446 3940 de
478 3877 635 3952 Duubar,
669 3876 894 3940 Malcolmum
926 3875 1086 3938 comitem
1110 3873 1153 3936 de

212 3975 304 4052 vies,
321 3986 355 4040 et
378 3983 520 4041 caeteros
534 3996 543 4056 3
567 3975 659 4057 quod
680 3975 709 4038 si
724 3995 789 4038 nos
804 3974 860 4037 vel
874 3974 1026 4037 haeredes
1045 3973 1154 4036 nostri

210 4083 332 4139 contra
345 4076 600 4140 concessionem
617 4083 653 4138 et
664 4075 862 4158 praedictam
880 4073 1153 4156 promissionem,

210 4177 302 4259 quod
337 4177 438 4252 absit,
465 4175 671 4251 venerimus,
701 4175 768 4256 ipsi
793 4181 829 4237 et
854 4173 1006 4237 haeredes
1036 4191 1154 4237 eorum
