2918 4866
371 402 563 450 anoanuru
593 402 875 451 wrcounruusrs
1053 387 1097 450 99

141 558 197 623 ra¹
225 561 306 641 igne
327 563 517 626 combustae
544 570 636 627 sunt.
692 563 741 627 Ut
762 563 978 644 quorundam
994 582 1094 627 vere·
1106 577 1252 667 fflfdifflt

141 659 219 724 dico
246 662 360 725 relatu
387 664 604 744 agnovimus,
632 663 723 745 apud
742 663 996 727 Windlesoram
1022 683 1093 728 uno
1171 638 1210 667 '⁰¹'

141 759 274 824 dierum
297 769 413 826 stante
440 763 568 845 populo
597 764 640 826 ad
674 764 937 828 celebrationem
966 763 1091 841 missae,

141 859 204 924 lux
222 862 381 943 quaedam
397 862 577 926 infulserat
589 864 811 927 interioribus
829 863 1004 943 ecclesiae3
1022 882 1092 944 quo

141 962 282 1025 attoniti
295 961 435 1044 quidam
451 963 545 1026 foras
560 964 732 1040 exierunt,
747 972 782 1027 et
794 963 938 1028 elevatis
954 982 1091 1026 sursum

142 1061 252 1124 oculis
287 1062 461 1144 aspiciunt
495 1061 633 1126 stellam
667 1062 844 1128 insolitam
875 1063 967 1127 coelo
998 1063 1090 1127 radi-

141 1169 279 1240 antem3
311 1163 441 1226 reversi
468 1161 749 1228 animadvertunt
776 1164 819 1227 de
847 1164 952 1227 radiis
979 1163 1091 1227 stellae

139 1260 253 1324 lucem
278 1262 373 1325 intus
402 1261 631 1326 descendisse.
683 1262 894 1327 Miraculum
925 1264 1092 1328 successit

140 1360 317 1426 miraculo.
354 1361 443 1440 Quae
461 1381 566 1444 super
580 1363 691 1426 altare
708 1366 825 1427 stabat
841 1363 957 1426 vident
974 1363 1091 1444 plures

139 1479 277 1525 crucem
303 1481 340 1525 se
364 1470 572 1539 moventem,
589 1470 623 1526 et
645 1482 735 1527 nunc
755 1464 879 1526 dextra
903 1463 1090 1540 sinistram,

139 1580 232 1625 nunc
254 1562 396 1626 sinistra
419 1563 591 1639 dextram,
613 1583 707 1626 more
733 1563 984 1645 plangentium,
1009 1582 1090 1626 con-

139 1661 378 1743 stringentem.
431 1661 512 1727 Hoc
536 1664 667 1727 sactum
696 1670 750 1727 est
775 1663 889 1727 tertio.
944 1662 1089 1726 Crucem

138 1761 262 1826 dehinc
296 1772 407 1826 totam
440 1770 597 1839 tremere,
631 1762 795 1826 defluenti
824 1763 948 1827 sudore
978 1768 1088 1826 totam

139 1861 243 1926 etiam
259 1864 386 1927 sudare
397 1863 469 1927 sere
483 1864 605 1928 mediae
621 1863 715 1927 horae
729 1863 855 1945 spatio,
868 1861 1088 1946 postmodum

138 1961 173 2024 in
190 1963 339 2044 priorem
355 1969 486 2027 statum
501 1983 686 2028 reversam.
732 1961 837 2045 Apud
849 1962 1087 2040 Suthwellam,
1102 1977 1247 2068 fflfflffssffi

138 2063 466 2146 archiepiscopalem
483 2063 615 2140 villam,
634 2064 715 2126 dum
735 2063 771 2126 in
791 2063 1006 2146 sepulturam
1027 2083 1088 2126 cu·
1248 2054 1253 2067 '

134 2161 276 2246 jusdam
293 2171 476 2247 pararetur
490 2164 596 2241 fossa,
608 2164 763 2245 reliquiae
777 2164 995 2245 quorundam
1010 2182 1091 2227 san-

139 2270 273 2327 ctornm
287 2271 323 2328 et
334 2264 446 2328 vitrea
459 2263 625 2348 ampulla,
637 2284 716 2327 cum
731 2263 972 2352 limpidissima
986 2283 1099 2346 aqua,·

139 2361 306 2427 lateribus
317 2372 485 2441 surrecta,
497 2365 594 2429 velut
606 2384 628 2427 a
639 2364 793 2427 fractura
806 2365 984 2428 tuentibus
998 2383 1087 2441 eam,

140 2471 278 2546 reperta
292 2471 358 2542 est,
374 2483 444 2547 qua
465 2464 608 2528 infirmis
624 2464 708 2527 data
723 2472 758 2527 et
775 2472 929 2545 gustata,
945 2463 1089 2529 sanitati

138 2564 294 2646 pristinae
312 2565 551 2630 restituuntur.
584 2563 634 2629 Ut
645 2583 728 2628 aure
741 2565 879 2646 percepi
890 2564 1089 2645 praecedens

139 2663 365 2729 miraculum:
400 2665 652 2730 Wintoniensis
686 2664 869 2747 episcopus
903 2664 1089 2727 Heinricus

140 2765 354 2848 subsequens
380 2785 462 2831 vero
488 2765 655 2829 narravit.
702 2764 930 2828 Eboraceusis
957 2763 1088 2827 archie—
1102 2778 1243 2869 prognota

140 2863 304 2947 piscopus
333 2866 565 2941 Thnrstanus,
602 2884 680 2928 cunr
717 2863 981 2945 Saeresbyriensi
1015 2864 1088 2945 epi·
1101 2836 1156 2920 toll.t
1172 2839 1229 2878 ’ω

140 2983 247 3047 scopo
271 2965 437 3048 Rogerio,
463 2973 500 3030 et
523 2965 729 3048 quibusdam
756 2963 833 3027 aliis
858 2963 1028 3045 episcopis
1054 2973 1089 3027 et

141 3065 238 3145 regni
280 3067 500 3148 primoribus
540 3065 723 3129 concilium
768 3070 953 3128 tenuerunt
996 3063 1089 3144 apud

142 3163 460 3243 Northamtoniam,
475 3167 511 3229 in
526 3164 751 3248 plurimorum
768 3159 1005 3228 audientiam.2

193 3265 405 3330 Fluctuabat
417 3267 530 3330 adhuc
540 3267 615 3348 jam
631 3265 730 3329 annis
743 3281 804 3326 vu.
817 3264 979 3328 Romana
990 3263 1089 3326 sedes
1102 3279 1233 3328 Twomres·

139 3373 282 3448 propter
294 3374 460 3449 papatum
470 3367 627 3441 duorum,
644 3363 816 3446 Gregorii,
827 3365 970 3441 scilicet,
981 3364 1040 3444 qui
1055 3371 1090 3427 et

142 3465 381 3543 innocentius,
394 3475 428 3531 et
443 3466 541 3530 Petri
555 3465 616 3547 qui
630 3474 665 3529 et
677 3465 749 3529 Leo
762 3484 771 3542 ;
796 3484 941 3546 quorum
957 3460 1090 3540 causa,3
1103 3478 1152 3517 wir
1159 3478 1253 3516 between

139 3566 231 3630 inter
257 3565 474 3642 Lotharium,
505 3567 741 3630 Romanorum
767 3565 1020 3647 imperatorem,
1055 3572 1090 3626 et
1102 3530 1245 3625 {iffliee'rm

1103 3631 1161 3669 duke
1169 3629 1193 3666 ol

142 3666 345 3748 Rogerium,
368 3666 507 3750 Apuliae
530 3666 665 3742 ducem,
695 3666 805 3728 oritur
833 3663 971 3728 bellum.
1025 3663 1187 3730 Dionia·

141 3768 236 3831 vitiis
255 3767 348 3850 pleni
370 3769 472 3831 ambo
496 3767 542 3843 hi,
564 3785 653 3828 unus
678 3765 844 3844 religione
865 3772 900 3829 ct
919 3764 1090 3845 dignitate

141 3868 297 3948 superior
320 3868 375 3932 vel
404 3866 650 3940 excellentior3
685 3865 774 3928 alter
796 3865 831 3928 in
856 3862 1089 3928 confusionem

177 4025 183 4054 '
204 4028 298 4076 Civitas
309 4027 439 4091 irrogare]
457 4028 593 4076 Leicester.

175 4094 186 4124 ²
202 4096 378 4147 Ennomus.
394 4134 400 4148 .
414 4134 420 4147 .
432 4095 601 4157 audientium]
663 4091 673 4121 ³
691 4093 856 4142 fluctuabat.
872 4129 877 4140 .
893 4088 1003 4150 .causo.]
1024 4087 1092 4136 Edit.

139 4167 202 4216 This
216 4172 288 4229 entry
304 4168 327 4217 is
343 4169 472 4228 evidently
485 4182 519 4216 an
537 4182 603 4215 erro·
626 4167 682 4215 odd.
703 4167 732 4213 C.
744 4162 812 4212 omit.

141 4252 220 4287 ueous
232 4238 418 4300 interpolation.
447 4240 494 4288 See
506 4255 532 4300 p.
545 4241 602 4286 105.

919 4333 962 4377 n2
