2918 4866
304 381 370 447 138
558 396 809 446 eonrmonno
833 394 1008 444 canorum

303 555 452 638 majores
474 552 625 636 Angliaa
651 560 723 618 tam
750 553 904 635 episcopi
929 571 1034 636 quam
1054 552 1198 616 comites
1222 559 1257 616 et

142 673 284 735 imp„
304 658 463 720 barones.
517 654 667 718 Peracta
695 653 805 735 igitur
835 653 1058 718 sollennitate
1089 649 1257 736 paschali,

141 745 237 786 Londou.

120 3282 122 3286 ⁸
150 3289 276 3330 coronmnm

152 3341 176 3381 ol
182 3340 258 3380 Princo

152 3391 233 3440 Heary.

303 755 457 839 perrexit
484 755 564 818 inde
592 753 805 830 londonias,
831 761 867 817 et
897 754 946 816 ibi
976 771 1141 834 magnum
1166 752 1257 816 cele·

304 857 419 919 bravit
433 854 617 919 concilium
639 853 682 916 de
705 854 930 917 coronatione
949 851 1107 928 Henrici,
1122 852 1185 916 filii
1201 853 1256 916 sui

306 955 460 1039 maj0ris,
488 963 524 1020 et
545 954 589 1016 de
609 954 752 1017 statutis
774 954 872 1034 regni
894 953 970 1017 sui:
994 960 1029 1017 et
1051 952 1178 1016 ibidem
1199 953 1257 1016 de·

304 1056 420 1139 posuit
436 1054 506 1118 fere
522 1072 640 1118 omnes
655 1053 874 1117 vicecomites
889 1052 1028 1134 Angliae
1045 1060 1081 1117 et
1094 1052 1256 1117 baillivos

306 1174 436 1231 eorum,
463 1173 526 1236 pro
551 1172 592 1218 eo
616 1152 708 1234 quod
731 1152 822 1216 male
842 1159 1078 1217 tractaverant
1101 1151 1257 1217 homines

305 1256 403 1337 regni
427 1254 493 1318 sui.
543 1252 590 1317 Et
610 1252 848 1335 uuusquisque
863 1253 1102 1317 vicecomitum
1119 1259 1154 1316 et
1171 1250 1256 1316 bail-

305 1355 367 1419 livi
382 1371 501 1418 eorum
520 1353 653 1435 plegios
669 1352 877 1417 invenerunt
891 1352 934 1417 de
950 1352 1085 1436 seipsis,
1101 1351 1193 1436 quod
1211 1351 1257 1416 ad

305 1462 437 1519 rectum
459 1461 593 1519 starent
615 1460 649 1517 et
671 1452 932 1517 adresciandum
958 1453 1098 1517 domino
1120 1453 1195 1533 regi
1220 1459 1256 1516 et

306 1555 500 1618 hominibus
515 1553 623 1635 regni,
642 1553 735 1635 quod
756 1553 806 1616 eis
825 1553 1017 1617 adresciare
1035 1552 1199 1616 deberent
1214 1552 1257 1616 de

307 1655 409 1737 prisis
435 1655 529 1733 suis;
555 1661 590 1718 et
612 1660 735 1736 postea
759 1652 840 1719 fecit
870 1672 932 1717 rex
957 1671 1076 1717 omnes
1101 1651 1257 1716 homines

307 1755 404 1837 regni
421 1756 486 1830 sui,
504 1753 635 1818 scilicet
650 1753 804 1830 comiteS,
819 1754 979 1828 barones,
1001 1753 1140 1827 milites,
1162 1752 1257 1816 fran-

306 1861 552 1930 cos-tenentes,
562 1860 598 1916 et
607 1853 711 1917 etiam
727 1852 917 1929 villicanos,
930 1872 992 1934 per
1001 1852 1155 1933 singulos
1163 1852 1258 1916 vice·

307 1954 492 2020 comitatus
510 1955 641 2038 jurare,
663 1953 766 2017 tactis
789 1952 1020 2017 sacrosanctis
1043 1951 1256 2032 Evangeliis,

308 2055 400 2137 quod
422 2074 542 2119 verum
561 2052 725 2129 dicerent,
748 2050 882 2116 scilicet
908 2051 1000 2134 quod
1028 2059 1064 2117 et
1087 2059 1257 2134 quantum

309 2155 526 2217 vicecomites
552 2162 587 2216 et
610 2151 742 2216 baillivi
757 2171 875 2215 eorum
900 2152 944 2216 de
968 2153 1019 2215 eis
1039 2153 1204 2234 ceperint,
1221 2159 1258 2217 ct

308 2254 400 2335 quod
415 2273 492 2316 cum
501 2251 633 2336 judicio
649 2259 684 2316 et
702 2252 793 2333 quod
808 2253 882 2315 sine
888 2251 1033 2336 judicio,
1043 2259 1078 2315 et
1088 2271 1152 2334 pro
1161 2250 1258 2334 quali

311 2352 539 2417 forisfactura.
600 2351 667 2415 Sed
699 2370 864 2432 magnum
900 2352 1063 2415 damnum
1100 2352 1260 2434 provenit

311 2452 389 2516 inde
422 2452 518 2533 genti
547 2449 698 2533 Angliae,
733 2451 814 2534 qnia
846 2458 926 2534 post
958 2451 1086 2515 factam
1112 2451 1258 2534 inquisi-

311 2553 438 2617 tionem
462 2571 526 2615 rex
548 2551 702 2634 reposuit
727 2551 894 2633 quosdam
909 2551 1151 2616 vicecomitum
1180 2551 1258 2616 illo·
1307 2602 1311 2606 .

311 2671 386 2717 rum
402 2653 526 2716 iterum
542 2652 578 2714 in
593 2652 678 2716 locis
693 2651 777 2729 suis,
792 2659 899 2735 atque
922 2652 990 2733 ipsi
1009 2657 1130 2733 postea
1147 2650 1259 2715 multo

310 2753 518 2817 crudeliores
540 2752 732 2816 extiterunt
754 2771 858 2834 quam
881 2759 985 2816 antea
1012 2751 1161 2815 fuerunt.
1213 2750 1257 2814 In

310 2853 477 2935 praedicto
507 2859 623 2915 autem
650 2851 809 2929 concilio,
837 2870 900 2914 rex
933 2851 1014 2916 fecit
1044 2869 1259 2915 summouere

312 2952 503 3034 Rogerum,
532 2951 786 3015 Eboracensem
818 2950 1125 3033 archiepiscopum,
1153 2957 1260 3032 atque

313 3052 512 3134 Hugonem,
550 3051 816 3115 Dunelmensem
858 3051 1069 3132 episcopum,
1099 3056 1135 3114 et
1173 3051 1261 3113 alios

313 3153 493 3235 episcopos
508 3151 607 3231 regni
623 3151 689 3226 sui,
705 3150 796 3233 quod
817 3156 934 3216 essent
948 3150 1041 3232 apud
1058 3149 1260 3215 Lundonias

313 3257 445 3315 statuto
476 3257 642 3332 tempore.
695 3249 738 3313 In
765 3249 949 3313 Dominica
979 3250 1148 3332 sequenti,
1180 3268 1260 3331 quae

314 3352 427 3413 evenit
445 3356 569 3413 octavo
583 3349 715 3412 decimo
732 3347 803 3414 kal.
816 3348 839 3413 J
843 3349 904 3412 ulii
923 3341 983 3438 [14
997 3347 1020 3412 J
1024 3350 1113 3431 un.],
1129 3348 1262 3414 scilicet

315 3449 434 3529 vigilia
458 3449 664 3512 Sanctorum
680 3448 756 3513 Viti
782 3455 817 3512 et
839 3448 989 3514 Modesti
1014 3456 1203 3531 martyrum
1226 3457 1263 3514 ct

315 3549 452 3613 Sanctae
478 3547 687 3612 Crescentiae
704 3548 858 3629 virginis,
886 3547 968 3612 fecit
996 3568 1060 3612 rex
1086 3547 1262 3612 Henricus

314 3647 421 3711 filium
442 3666 543 3710 suurn
564 3647 756 3711 Henricum
780 3647 947 3729 majorem
974 3648 1145 3725 coronari,
1169 3655 1204 3712 et
1227 3649 1263 3711 in

313 3768 430 3829 regem
472 3747 666 3811 consecrari
701 3746 795 3829 apud
832 3746 1188 3824 Westmonasterium,
1218 3749 1263 3811 ab

316 3848 468 3928 Rogero,
491 3847 701 3911 Eboraccnsi
723 3846 993 3930 archiepiscopo,
1009 3854 1045 3912 et
1061 3847 1264 3929 apostolicae

315 3948 405 4011 sedis
444 3946 572 4027 legato,
607 3945 881 4010 ministrantibus
913 3947 945 4010 ei
983 3948 1018 4010 in
1053 3947 1114 4010 illo
1151 3945 1263 4011 officio

315 4049 479 4129 Hugone‚
495 4046 721 4110 Dunelmensi
737 4046 910 4130 episcopo,
932 4053 967 4110 et
985 4045 1155 4122 Gilberto,
1172 4046 1265 4110 Lun-

314 4149 470 4213 doniensi
487 4147 663 4230 episcopo,
686 4155 722 4211 et
743 4145 918 4227 Jocelino,
941 4146 1174 4211 Salisbiriensi
1190 4147 1264 4231 epi·
