2918 4866
377 400 570 448 rnonnuru
597 401 877 450 wroonurnnsrs
1062 387 1107 450 8¹5

154 564 271 621 mento
285 559 545 640 spoponderunt
560 557 642 621 filiae
657 559 761 640 regie,
775 579 814 622 se
832 566 943 623 totum
959 580 1104 641 regnum

155 656 350 738 Anglorum
375 658 427 721 illi
454 664 577 722 contra
601 678 720 722 omnes
748 659 962 736 defensuros,
985 662 1014 723 si
1042 680 1104 742 pa·

155 764 242 820 trem
264 778 366 822 suum
388 759 639 840 superviveret,
655 760 724 823 nisi
746 759 789 823 de
811 759 917 841 legali
939 761 1104 844 conjugio

154 855 261 920 filium
287 860 348 941 qui
380 859 447 921 sibi
476 859 688 936 succederet,
718 860 832 924 adhuc
860 867 941 923 ante
972 861 1102 924 obitum

155 976 269 1034 suum,
283 967 491 1042 procrearet.
556 959 641 1041 Ipsa
663 960 844 1041 siquidem,
860 960 1024 1024 defuncto
1040 961 1103 1024 im·

155 1066 315 1138 peratore
342 1058 520 1134 Heinrico,
536 1060 598 1142 qui
620 1079 697 1125 eam
722 1079 784 1141 per
805 1060 922 1142 plures
941 1080 1052 1124 annos
1069 1061 1105 1124 in

155 1159 374 1223 matrimonio
396 1166 568 1236 tenuerat,
595 1162 726 1241 absque
748 1160 877 1236 liberis,
902 1161 945 1224 ad
969 1167 1104 1243 patrem

155 1276 255 1321 suum
268 1276 418 1334 reversa,
427 1259 519 1323 circa
528 1259 626 1323 illum
638 1259 834 1336 excellenti,
845 1261 936 1324 sicut
946 1260 1103 1338 decebat,

156 1357 286 1422 honore
311 1358 526 1422 fulciebatur.
583 1359 664 1424 Rex
688 1360 807 1440 igitur,
830 1361 1010 1425 Willelmo
1032 1361 1104 1425 filio

155 1477 231 1534 sno,
254 1459 343 1522 sicut
366 1459 448 1522 olim
474 1459 729 1539 descripsimus,
754 1479 796 1523 ex
829 1461 894 1523 hac
917 1463 990 1524 vita
1020 1462 1102 1524 sub-

154 1564 278 1634 tracto,
296 1558 403 1622 alium
417 1560 478 1641 qui
503 1560 602 1640 regni
625 1558 736 1622 haeres
761 1559 914 1640 legitime
937 1561 1104 1626 existeret

155 1657 300 1722 necdum
317 1666 527 1740 susceperat,
545 1667 581 1723 et
605 1679 647 1723 ea
669 1679 706 1722 re
729 1661 764 1722 in
788 1660 892 1722 tiliam
917 1679 1029 1736 suam,
1047 1680 1103 1724 so-

155 1776 267 1821 rorem
288 1759 420 1823 scilicet
437 1758 615 1837 Willelmi,
631 1759 828 1824 conditione
847 1779 916 1841 qua
940 1760 1102 1837 diximus,

155 1859 253 1938 regni
263 1859 347 1942 jura
363 1858 602 1924 transferebat.
655 1859 737 1942 Ipse
753 1861 855 1923 etiam
873 1880 945 1935 rex,
960 1861 1103 1923 consilio
1116 1878 1265 1928 Thermum

156 1960 322 2022 baronum
333 1979 486 2036 suorum,
492 1958 663 2024 concessit
673 1958 926 2023 Cantwariensi
938 1959 1103 2037 ecclesiae,
1116 1929 1265 2018 ἷῖἷῖιῖοξὲἶω

157 2067 192 2122 et
202 2058 380 2124 Willelmo
391 2060 663 2142 archiepiscopo,
675 2068 710 2124 et
723 2061 882 2123 omnibus
894 2061 1102 2123 successori·
1116 2030 1233 2170 {llldbll

156 2159 221 2222 bus
236 2159 324 2242 ejuS,
341 2160 534 2224 custodiam
552 2170 587 2224 et
609 2159 944 2225 constabulationem
968 2161 1103 2225 castelli
1133 2135 1194 2169 ’Μ
1208 2141 1255 2178 ''¹'‘

158 2257 261 2322 Hrofi
288 2278 424 2340 semper
447 2260 483 2323 in
514 2267 693 2342 posterum
720 2261 984 2341 possidendam
1006 2270 1041 2325 et
1068 2262 1104 2325 in

157 2359 277 2422 eodem
293 2359 438 2423 castello
454 2361 679 2425 munitionem
696 2361 752 2424 vel
768 2361 903 2436 turrim,
920 2380 1023 2442 quam
1043 2381 1103 2425 vo-

159 2459 299 2536 luerint,
322 2460 390 2524 sibi
410 2459 552 2538 faciant,
568 2468 603 2524 et
617 2462 653 2523 in
668 2469 875 2543 perpetuum
902 2461 1105 2526 habeantet

145 2559 377 2632 ,custodiant;
415 2567 451 2624 ct
485 2560 613 2624 milites
648 2561 708 2643 qui
745 2562 914 2625 custodiae
949 2560 1103 2642 ejusdem

158 2660 292 2724 castelli
317 2659 473 2742 deputati
499 2660 638 2736 fuerint,
664 2661 794 2725 intrent
821 2671 856 2725 et
885 2668 1013 2724 exeant
1042 2681 1105 2743 per

145 2761 254 2825 *vices
280 2780 382 2837 suas,¹
402 2761 493 2824 sicut
515 2761 643 2825 intrare
671 2769 707 2825 et
733 2763 830 2824 exire
853 2761 1046 2837 debuerint,
1070 2769 1105 2825 et

158 2860 200 2925 de
223 2861 343 2924 eodem
358 2861 503 2924 castello
526 2862 559 2925 ei
580 2862 801 2926 securitatem
821 2861 961 2924 saciant.
1014 2860 1103 2924 Rot·
1118 2877 1242 2927 nobertbr·

1081 2961 1087 2975 ,
1117 2928 1259 2977 oleoventry,

156 2963 288 3039 bertus,
303 2968 533 3042 cognomento
550 2960 750 3038 Peccatum,
767 2958 1013 3026 coventrensis
1034 2979 1243 3068 epi-appopuppt

144 3070 292 3144 scopus,
326 3062 400 3125 vita
434 3061 592 3138 decessit,
635 3069 670 3126 et
705 3060 910 3126 Coventreic
946 3061 1104 3142 quiescit.
1117 3039 1257 3167 iberius.

160 3161 280 3242 Hugo,
296 3161 404 3225 abbas
422 3161 457 3224 S.
476 3160 678 3244 Augustini,
694 3162 790 3226 obiit.
1118 3140 1130 3167 ⁰
1145 3154 1151 3166 ’

207 3261 404 3326 Willelmus
422 3261 699 3326 Dorubernensis
723 3262 1003 3344 archiepiscopus
1024 3280 1105 3325 con·
1127 3276 1190 3316 en·
1203 3276 1259 3352 ¹3²⁷·

158 3361 319 3443 gregavit
333 3362 496 3444 generale
507 3363 688 3426 concilium
700 3363 851 3427 omnium
866 3363 1106 3444 episcoporum
1118 3343 1260 3432 itlllillf‘

157 3469 194 3526 et
209 3462 387 3539 abbatum,
400 3481 615 3546 quarumque
631 3449 869 3543 religiosarum
881 3451 1105 3544 personarum
1118 3446 1157 3482 ‘⁸¹'

158 3563 266 3648 totins
298 3561 452 3645 Angliae,
482 3563 574 3646 apud
602 3563 849 3627 monasterium
882 3562 916 3625 S.
944 3561 1041 3625 Petri
1070 3561 1106 3623 in

141 3705 145 3710 -
159 3663 363 3727 occidentali
379 3669 479 3744 parte
497 3663 691 3727 Lundoniae
707 3664 824 3726 situm.
871 3659 937 3724 Cui
960 3659 1107 3724 concilio

159 3763 322 3845 praesedit
333 3765 421 3845 ipse,
439 3763 530 3826 sicut
544 3762 825 3846 archiepiscopus
837 3760 1108 3825 Cantwariensis

160 3871 194 3926 et
214 3864 351 3944 legatus
375 3862 577 3945 apostolicae
595 3863 700 3940 sedis,
716 3862 975 3927 considentibus
992 3881 1107 3925 secum

142 3990 145 3995 ·
162 3963 336 4028 Willelmo
346 3962 1108 4045 episcopowintoniensi‚Rogeriosaereshy-

160 4063 276 4139 riensi,
304 4063 483 4127 Willelmo
510 4064 767 4139 Execestrensi,
795 4063 937 4127 Herveo
964 4060 1109 4137 Elicnsi,

160 4161 362 4227 Alexandro
389 4162 820 4240 Lincoliensi‚Eoverardo
839 4160 1109 4237 Northwicensi,
