2918 4866
384 394 578 466 amaruan
606 394 888 445 wrcoaruausrs.
1045 381 1110 446 113

150 551 308 630 castello,
332 559 368 618 et
387 552 529 634 ingenia
548 551 624 636 ejus
651 552 706 616 vel
731 551 950 616 succiderunt
976 551 1031 616 vel
1056 552 1107 616 in·

150 653 351 730 cenderunt,
382 652 510 717 multos
540 653 758 735 perimentes.
812 652 914 715 Unde
939 650 1015 735 jam
1047 653 1106 716 de·

150 761 271 835 sperat
286 753 365 836 capi
381 752 417 816 id
432 751 559 835 posse.¹
611 752 766 835 Septimo
784 751 839 814 die
859 752 985 815 mensis
1001 752 1104 818 Octo·
1118 770 1239 812 aaaron.

150 852 234 929 bris,
260 853 345 918 luna
367 852 539 917 existente
566 869 690 929 xxix,
707 852 743 914 in
770 852 974 934 crepusculo
994 829 1258 922 noctisi'iiirii'iK.

151 960 264 1017 sextae
290 953 448 1030 Sabbati,
469 972 589 1019 versus
614 952 827 1035 aquilonales
851 959 969 1034 partes
993 954 1102 1017 visum
1116 932 1215 963 mmm

151 1062 206 1116 est
249 1051 503 1119 firmamentum
549 1059 660 1116 totum
711 1052 962 1131 rubicundum
1016 1054 1104 1117 radii

151 1151 257 1216 etiam
272 1153 400 1218 diversi
418 1153 544 1218 coloris
554 1153 622 1217 visi
637 1159 730 1229 sunt,
745 1153 880 1219 mixtim
896 1162 1104 1235 apparentes

151 1259 186 1318 et
207 1260 463 1318 evanescentes.
509 1253 620 1317 Erant
650 1253 723 1318 haec
755 1253 843 1317 sorte
872 1253 1104 1335 significantia

150 1353 337 1418 maximam
375 1373 480 1438 quam
513 1353 769 1435 praelibavimus
799 1354 978 1435 sanguinis
1017 1354 1103 1418 effu·

150 1453 294 1532 sionem,
309 1453 439 1520 factam
454 1474 517 1538 per
529 1453 827 1537 Northymbriam,
843 1461 878 1517 et
891 1454 928 1517 in
944 1453 1102 1537 plurimis

150 1552 228 1617 aliis
250 1553 335 1619 locis
361 1573 423 1637 per
438 1552 628 1637 Angliam.2
679 1554 820 1635 Magnae
838 1554 892 1619 vir
911 1553 1100 1634 religionis,
1113 1575 1236 1622 aarum

1113 1627 1262 1676 monkonya

149 1655 324 1718 coenobita
347 1654 499 1736 quidam,
528 1655 571 1717 de
602 1654 690 1719 cella
718 1654 868 1736 quadam
893 1653 967 1735 Ege
996 1653 1213 1768 dictam?

150 1751 349 1819 Willelmus
383 1756 530 1830 nomine,
556 1754 631 1838 jam
662 1754 791 1818 electus
825 1773 847 1817 a
877 1752 1100 1835 Wigornensr
1113 1777 1223 1818 aarum.

149 1853 301 1935 praesule
318 1854 469 1932 Simone,
495 1871 562 1918 xu.
591 1853 662 1919 kal.
689 1854 871 1919 Decembr.
898 1853 956 1934 [20
975 1852 1098 1940 Nov.],

149 1953 205 2017 die
221 1954 416 2032 Dominica,
439 1955 546 2018 abbas
564 1953 764 2018 Persorensi
786 1953 940 2017 eeclesiae
962 1953 1098 2017 ordina·

148 2061 207 2117 tur
228 2053 431 2137 Wigorniae.
484 2054 658 2136 Rogerius
681 2053 943 2118 Saresbiriensis
965 2054 1097 2136 episco·
1111 2077 1216 2117 neuun

148 2171 225 2234 pus,
252 2154 485 2232 castellorum,
511 2174 698 2231 murorum,
725 2155 903 2218 domorum
937 2128 1256 2229 fundatoritlilulyt⁰f

148 2255 357 2338 praecipuus,
379 2273 452 2338 prae
474 2254 592 2319 dolore
614 2262 649 2318 et
672 2254 813 2319 tristitia
834 2254 1039 2332 infirmatus,
1063 2262 1099 2319 et

149 2354 193 2418 ad
237 2355 341 2419 finem
376 2355 459 2419 vitae
498 2354 692 2437 perductus,
736 2354 826 2437 apud
866 2355 1098 2437 episcopalem

147 2455 275 2532 sedem,
294 2455 446 2519 secundo
464 2474 574 2519 nonas
590 2455 770 2519 Decembr.
789 2456 825 2538 [4
844 2455 962 2534 Dec.]‚
978 2453 1099 2518 defun-

148 2553 268 2635 gitur,³
283 2562 319 2621 et
333 2555 368 2618 in
383 2555 501 2619 eadem
518 2555 664 2619 ecclesia
681 2555 860 2638 sepelitur,
876 2554 1047 2618 infinitam
1063 2555 1099 2618 in
1109 2568 1151 2609 111⁸
1160 2568 1237 2609 riche.

147 2655 299 2720 castellis
326 2656 398 2718 suis
422 2656 619 2738 relinquens
639 2655 833 2740 pecuniam,
864 2675 942 2737 quae
966 2674 1034 2718 non
1061 2656 1098 2717 in

149 2753 227 2833 Dei,
257 2755 317 2820 sed
350 2756 442 2837 regis
475 2756 643 2838 Stephani
675 2763 751 2820 tota
784 2756 889 2820 cessit
920 2755 956 2818 in
985 2774 1098 2818 usum.

148 2853 235 2921 Sunt
251 2855 310 2937 qui
325 2855 443 2920 dicunt
458 2856 538 2938 plus
554 2873 615 2920 xl..
631 2856 739 2919 millia
753 2874 946 2918 marcarum
963 2855 1099 2936 argenti

147 2953 194 3018 ibi
218 2955 325 3020 fuisse
348 2963 496 3039 reperta,
520 2976 643 3020 aurum
664 2975 803 3038 quoque
822 2954 969 3018 multum
996 2955 1098 3018 nimis

147 3073 225 3118 cum
253 3056 423 3121 varietate
455 3063 736 3120 ornamentorum
768 3054 1028 3131 thesaurizavit,
1063 3061 1099 3117 et

146 3153 320 3235 ignoravit
342 3157 400 3220 cui
422 3157 650 3238 congregavit
667 3176 719 3220 ea.
772 3155 956 3237 Templum
980 3155 1016 3217 in
1039 3153 1098 3217 ho·

181 3345 305 3415 ¹Poaae.]
333 3351 372 3401 As
401 3367 418 3402 a
448 3353 610 3415 supplement
635 3351 815 3402 Saresbiriensi
833 3349 948 3410 castello,
966 3350 1035 3398 circa
1055 3363 1098 3396 ur-

144 3422 170 3468 to
189 3419 233 3468 the
254 3435 355 3486 meagre
380 3423 431 3472 and
457 3424 608 3486 incompleta
633 3423 690 3472 bem
702 3420 980 3483 Brucgaeobsidionem
994 3419 1098 3480 invigi-

143 3495 251 3539 account
277 3492 306 3540 of
329 3493 371 3542 the
398 3493 484 3542 Battle
512 3494 541 3542 of
564 3493 607 3543 the
632 3493 669 3542 lia
683 3493 709 3543 S.
723 3489 1098 3552 Bartholomaeigaudenaage·

143 3559 270 3609 Staadard
291 3563 326 3624 by
343 3563 386 3612 the
406 3566 564 3613 continuator
581 3565 611 3613 cf
633 3564 684 3614 bat.
711 3560 1096 3624 Ibiquoquepositua,cuidam
1193 3612 1195 3617 .

143 3628 273 3692 Florence,
291 3646 333 3681 see
350 3633 393 3683 tha
410 3649 479 3683 more
497 3635 606 3683 circum·
632 3633 754 3682 monacho
770 3633 802 3681 de
819 3631 929 3696 quadam
952 3630 1019 3678 cella
1042 3631 1096 3693 Ege

143 3701 246 3749 stantial
268 3704 407 3753 narratires
427 3704 457 3752 of
472 3704 532 3754 Joh.
554 3705 605 3753 and
631 3703 710 3765 dicta,
722 3701 1097 3762 Gulielmonomine,conesta-

143 3767 200 3820 aio.
214 3771 381 3836 Hagustald„
392 3774 484 3823 Ailred
503 3775 603 3826 Rieval.
630 3774 726 3822 bularii
737 3773 853 3834 ejusdem
867 3771 918 3820 loci
929 3771 1029 3819 castelli
1041 3785 1097 3832 ger·

142 3839 174 3887 de
187 3840 259 3889 Bello
267 3843 605 3908 Standardi,ap.Twysden,
630 3859 713 3906 mano,
726 3842 889 3891 Persorensis
901 3840 1018 3889 ecclesiae
1031 3855 1096 3901 prae·

142 3910 192 3957 and
204 3911 240 3960 ll.
253 3911 396 3976 Huntingd.
630 3914 750 3964 lationem
762 3913 896 3962 concessit.
915 3912 986 3959 Edit.

176 3975 343 4047 ²Angliam]
369 3985 478 4034 Peracta
496 3985 603 4035 Assum-

141 4049 226 4110 ptione
242 4051 270 4102 S.
286 4053 378 4102 Mariae
392 4053 436 4116 [15
448 4055 543 4123 Aug.]‚
554 4056 602 4104 hu·
665 4050 675 4082 ³
692 4052 867 4115 Ματιήνη]
888 4051 930 4098 He
942 4049 988 4097 did
999 4051 1042 4095 not
1052 4047 1094 4095 die

136 4119 251 4180 jusmodi
262 4122 330 4172 lama
340 4126 453 4174 victoriae
465 4126 499 4173 ad
517 4141 601 4188 regem
628 4124 668 4172 till
685 4125 728 4173 the
748 4129 808 4172 next
824 4136 894 4184 year,
910 4121 975 4168 Dec.
992 4122 1032 4166 ll.
1055 4117 1096 4166 W.

140 4204 222 4254 usque
239 4195 362 4256 pervenit,
378 4196 424 4257 qni
439 4200 510 4259 tunc,
527 4201 602 4258 capto
630 4195 719 4244 Malm.
731 4209 758 4255 p.
770 4197 839 4258 ⁷2⁷„

191 4304 276 4352 ΤΟΜ.
296 4306 334 4355 11.
931 4307 943 4354 l
