2918 4866
373 402 565 451 snonnnrn
590 401 869 452 wrooamunsrs.
1035 385 1100 449 119

145 561 298 626 mittunt.
352 560 498 627 Videret
540 563 600 644 qui
642 561 776 636 afforet,
817 567 926 625 totam
969 559 1097 627 civium

143 662 393 743 supellectilem
417 662 542 727 deferri
564 663 600 725 in
625 660 815 726 basilicam.
867 661 898 724 Ο
923 661 1096 728 miseriam

135 762 281 827 videre!
328 763 418 826 Ecce
439 763 561 827 domus
582 762 661 838 Dei,
679 781 757 844 quae
780 761 943 826 intranda
963 773 1038 831 erat
1058 765 1095 829 in

143 861 369 940 holocaustis,
404 864 462 927 ubi
495 860 740 928 immolandum
776 869 853 926 erat
887 862 1095 929 sacrificium

144 962 270 1041 laudis,
291 963 465 1028 reddenda
484 970 568 1028 vota
594 962 776 1039 altissima,
804 963 944 1027 videtur
971 965 1094 1047 inprae-

144 1064 334 1128 sentiarum
352 1065 448 1130 velut
473 1062 698 1146 supellectilis
720 1080 814 1128 casa.
868 1063 959 1128 Ecce
986 1065 1094 1129 totius

144 1163 366 1246 episcopatus
403 1163 594 1248 principale
634 1164 826 1227 coenobium
870 1163 1000 1228 factum
1041 1172 1094 1230 est

143 1263 271 1329 civium
292 1264 529 1342 diversorium,
547 1270 581 1327 et
606 1262 780 1346 quoddam
798 1262 1092 1330 declamatorium.

143 1359 381 1428 Armariorum
408 1371 443 1430 et
472 1382 651 1427 saccorum
677 1364 903 1445 plurimorum
933 1384 1006 1447 prae
1029 1385 1093 1428 nu·

144 1481 250 1541 mero,
260 1464 328 1530 Dei
343 1466 453 1529 servis
467 1465 528 1529 vix
544 1464 641 1529 locus
655 1463 691 1526 in
704 1463 768 1529 tali
784 1483 874 1528 nuuc
891 1464 1092 1530 diversorio.

144 1563 245 1628 Intus
270 1563 391 1649 psallit
417 1565 541 1643 clerus,
567 1565 651 1628 foris
676 1565 774 1645 vagit
795 1564 921 1643 infans,
951 1565 1093 1631 vocibus
1119 1630 1129 1646 ,

142 1660 363 1746 psallentium
407 1673 549 1730 resonat
588 1683 659 1729 vox
698 1663 911 1742 lactentium,
953 1684 1093 1748 voxque

143 1771 293 1831 matrum
331 1766 532 1848 lugentium.
593 1764 738 1828 Miseria
777 1783 881 1847 super
921 1764 1092 1830 miseriam

143 1864 270 1931 videre.
313 1865 437 1931 Altave
454 1864 642 1949 principale
656 1872 728 1929 stat
745 1871 946 1930 ornamento
963 1866 1092 1948 spolia·

142 1971 227 2042 tum,
243 1984 329 2030 crux
346 1966 515 2049 deposita,
530 1966 646 2048 imago
662 1965 889 2029 sanctissimae
905 1966 972 2030 Dei
995 1967 1090 2047 geni·

140 2065 237 2128 tricis
269 2067 393 2131 Mariae
431 2066 542 2130 oculis
580 2067 768 2130 subtracta.
824 2064 976 2129 Gortiuae
1013 2085 1091 2130 cum

140 2165 256 2247 pallis,
277 2166 367 2231 albae
381 2187 459 2232 cum
478 2167 610 2250 cappis,
630 2165 731 2231 stolae
755 2185 834 2230 cum
852 2165 1013 2248 planetis,
1027 2184 1090 2250 pa·

140 2266 266 2330 rictum
280 2269 390 2350 septis
405 2267 637 2332 includuntur.
684 2266 728 2330 In
745 2274 942 2330 sanctorum
957 2265 1090 2332 festivi-

141 2366 270 2430 tatibus
294 2368 339 2432 ad
361 2369 514 2434 divinum
533 2367 775 2432 celebrandum
800 2365 946 2431 officium
966 2366 1092 2433 desunt

141 2466 257 2543 decus,
295 2468 416 2547 honor,
450 2467 562 2533 omnis
598 2468 702 2533 solita
739 2467 1005 2550 magnificentia.
1056 2465 1090 2533 A

141 2567 264 2632 timore
279 2570 335 2634 vel
348 2589 421 2653 prae
436 2569 559 2633 timore
574 2568 789 2632 inimicorum
811 2568 884 2632 haec
901 2567 1090 2650 disponun-

98 2707 101 2713 -
140 2673 198 2731 tur
226 2670 351 2746 omnia,
386 2690 430 2734 ne
463 2676 605 2752 repente
636 2668 794 2732 inimicus
832 2668 1090 2749 superveniens,

140 2768 241 2832 tollat
255 2776 383 2834 cuncta
399 2788 477 2854 quae
494 2769 657 2852 repperit,
681 2776 716 2833 et
737 2768 787 2832 sic
806 2768 843 2831 in
858 2768 1011 2832 vanitate
1025 2786 1091 2831 sua

140 2870 340 2950 praevaleat.
393 2871 437 2935 In
463 2870 611 2934 articulo
637 2869 705 2934 diei
729 2868 926 2952 incipientis
945 2868 1089 2946 brumae,
1101 2885 1232 2977 {ffli-

139 2967 205 3032 boc
226 2977 281 3035 est
298 2986 361 3034 vu.
376 2970 454 3035 idus
476 2970 648 3035 Novemb.
669 2967 707 3054 [7
725 2966 848 3053 Nov.],
868 2967 954 3032 feria
975 2969 1089 3046 tertia,
1101 2990 1253 3086 maffia

136 3069 221 3134 dum
244 3072 288 3136 ad
315 3071 452 3136 laudem
476 3070 628 3135 divinam
653 3071 690 3133 in
715 3067 862 3132 ecclesia
886 3067 1023 3142 fuimus,
1053 3077 1090 3133 et
1103 3089 1228 3129 vosmet.

134 3168 209 3251 jam
225 3172 371 3252 primam
388 3173 508 3236 horam
523 3170 591 3234 diei
608 3169 880 3245 decantavimus,
891 3186 982 3245 ecce,
996 3168 1089 3250 quod

138 3267 297 3350 plurimis
314 3281 397 3337 aute
412 3272 534 3337 diebus
550 3271 692 3335 auribus
709 3269 899 3346 hausimus,
915 3270 1089 3334 exercitus

138 3386 285 3451 magnus
317 3370 417 3437 valde
451 3379 486 3437 et
516 3370 629 3448 fortis,
661 3371 705 3434 ab
738 3377 858 3433 austro
889 3369 1041 3447 veniens,
1069 3389 1089 3434 e

138 3469 267 3551 vagina
281 3471 423 3535 malitiae
438 3470 669 3555 progreditur.
704 3468 798 3534 Urbs
812 3463 970 3534 Glaorna
983 3471 1088 3534 armis

137 3569 344 3636 militaribus
357 3571 540 3650 instructa,
554 3572 704 3654 equestri
719 3576 755 3634 et
768 3570 920 3653 pedestri
932 3571 1088 3635 exercitu

137 3669 377 3736 innumerabili
396 3672 549 3749 suffulta,
571 3671 727 3755 procedit
746 3671 923 3737 civitatem
947 3670 1087 3752 Wigor-

138 3788 219 3833 nam
236 3771 412 3849 invasura,
428 3779 618 3849 vastatura,
637 3772 718 3853 igne
736 3772 969 3836 combustura.
1011 3770 1088 3835 Nos

138 3877 254 3934 autem
275 3872 437 3935 timentes
458 3873 669 3936 ornamentis
692 3871 894 3949 sanctuarii,
911 3871 1087 3953 benignis·

138 3969 216 4034 simi
230 3972 366 4054 patroni
384 3972 493 4035 nostri
509 3971 664 4036 Oswaldi
678 3970 844 4054 reliquias
860 3971 948 4035 albis
963 3971 1087 4048 induti,

139 4077 214 4133 tota
228 4080 373 4136 sonante
390 4072 513 4149 classe,
531 4093 610 4138 cum
632 4072 752 4136 humili
766 4071 988 4154 processione
1005 4070 1087 4134 foris

138 4170 338 4249 extulimus,
360 4179 396 4237 et
417 4174 461 4237 ob
487 4172 638 4237 hostium
666 4173 892 4255 irruptionem
920 4172 1088 4255 deporta
