2918 4866
361 393 554 443 anonaurn
577 393 856 443 wrconrunnsrs.
1042 382 1086 445 57

134 560 229 618 certe
254 552 320 617 fuit
348 559 432 618 tunc
460 552 626 636 temporis
655 554 715 635 qui
741 554 952 619 meminisset
974 563 1084 620 retro·

137 653 226 718 actis
254 655 467 736 temporibus
496 659 549 718 tot
573 653 676 717 simul
706 661 863 737 pastores
893 655 1023 720 eleetos
1050 663 1086 720 ct

136 752 316 818 ordinatos
331 755 367 818 in
384 752 526 836 Anglia,
542 754 609 816 nisi
623 755 715 835 regis
733 754 917 819 Eadwardi
934 754 1086 822 Senioris

138 861 305 936 tempore,
316 854 456 936 quando
473 853 722 936 Pleigmundus
735 854 1012 939 archiepiscopus
1023 873 1085 921 vu.

137 955 320 1038 episcopos
351 971 416 1019 vu.
449 953 603 1018 ecclesiis
634 954 669 1018 in
702 975 772 1018 una
805 955 860 1019 die
890 955 1087 1021 ordinavit.¹

140 1053 222 1118 Hoc
235 1054 340 1119 etiam
356 1073 448 1119 anno
465 1053 656 1118 Mauricius
680 1053 932 1120 Lundoniensis
953 1057 1086 1139 episco·
1100 1079 1237 1130 nauseas.

139 1173 219 1237 pus,
241 1153 414 1224 Ricardus
443 1155 590 1219 Eliensis
615 1156 735 1231 abbas,
761 1156 953 1220 Rotbertus
979 1157 1087 1221 abbas
1100 1131 1218 1231 {diffidi}

141 1254 184 1319 de
206 1254 336 1320 Sancto
363 1254 581 1332 Eadmundo,
605 1254 693 1320 Milo
718 1254 870 1338 Crispin,
895 1255 1087 1321 Rotbertus
1100 1232 1214 1272 ¹¹⁰¹³¹⁸⁸⁰b'

141 1355 235 1420 filius
266 1355 464 1434 Haimonis,
495 1356 657 1437 Rogerus
687 1355 813 1438 Bigod,
840 1355 1013 1420 Ricardus
1044 1358 1087 1422 de

142 1455 315 1534 Redrers‚
329 1458 421 1539 regis
438 1455 689 1533 consiliatores,
707 1457 780 1521 vita
794 1457 1026 1522 decesserunt.

193 1555 377 1621 Hrofensis
391 1557 546 1621 ecclesiae
569 1557 752 1639 episeopus
772 1555 970 1621 Gundulfus
991 1556 1088 1634 obiit,
1113 1580 1242 1621 nurus

142 1675 224 1720 non.
242 1655 365 1722 Martii
383 1658 420 1739 [7
440 1657 560 1738 Mar.].
590 1656 671 1722 Rex
690 1656 881 1738 Anglorum
901 1648 1252 1738 Heinricus{³1¹¹{¹2‘,¹‚¹,¹¹„‘„¹,’{',·r

142 1775 264 1840 pacem
285 1756 419 1820 firmam
442 1755 624 1839 legemque
650 1757 753 1821 talem
783 1757 975 1833 constituit,
998 1762 1037 1820 ut
1059 1757 1089 1821 si
1101 1751 1241 1839 &mmm

143 1857 221 1940 quis
240 1857 276 1920 in
301 1856 392 1922 furto
410 1857 466 1922 vel
494 1855 675 1921 latrocinio
699 1855 931 1939 deprehensus
956 1856 1088 1934 fuisset,
1101 1849 1254 1940 fflffigh‘st

144 1957 421 2040 suspenderetur.
474 1957 653 2021 Monetam
672 1976 811 2040 quoque
835 1964 1033 2040 corruptam
1054 1961 1219 2023 ct¹¹¹⁰¹¹⁹l⁶¹'·

144 2057 269 2122 falsam
290 2058 355 2121 sub
370 2064 468 2122 tanta
491 2056 785 2122 animadversione
807 2058 933 2139 corrigi
955 2058 1089 2135 statuit,

141 2164 185 2221 ut
205 2158 321 2222 nullus
342 2159 403 2240 qui
427 2163 546 2241 posset
564 2156 774 2239 deprehendi
798 2158 906 2223 falsos
931 2157 1090 2222 denarios

145 2257 270 2337 facere,
296 2258 414 2340 aliqua
434 2257 668 2339 redemptione
693 2257 776 2341 quin
797 2258 917 2322 oculos
944 2264 979 2321 et
1001 2256 1089 2321 inie-

142 2359 253 2423 riores
286 2359 440 2441 corporis
469 2365 587 2440 partes
618 2356 788 2440 perderet,
809 2357 928 2442 juvari
947 2358 1089 2424 valeret.

149 2458 195 2522 Et
214 2459 377 2541 quoniam
395 2459 585 2541 saepissime
607 2458 689 2522 dum
712 2457 844 2522 denarii
862 2456 1091 2540 eligebantur,

146 2557 385 2636 flectebantur,
399 2560 659 2642 rumpebantur,
674 2561 936 2642 respuebantur,
953 2559 1089 2636 statuit,

147 2666 187 2723 ut
209 2659 325 2723 nullus
348 2660 509 2723 denarius
529 2658 585 2723 vel
607 2659 742 2737 obolus,
764 2678 851 2741 quos
872 2666 908 2723 et
924 2658 1090 2723 rotundos

147 2778 223 2823 esse
243 2759 404 2838 instituit,
422 2760 604 2824 autetiam
629 2758 817 2843 quadrans,
838 2760 973 2841 integer
989 2765 1090 2822 esset.

148 2859 204 2924 Ex
219 2878 289 2941 quo
305 2859 397 2925 facto
413 2879 576 2942 magnum
591 2861 719 2924 bonum
734 2860 798 2924 toti
815 2879 922 2940 regno
937 2866 1090 2922 creatum

147 2965 213 3036 est,
238 2960 321 3042 quia
346 2959 421 3043 ipse
444 2981 506 3025 rex
529 2961 604 3025 hoec
629 2962 664 3024 in
690 2959 902 3025 secularibus
935 2958 978 3022 ad
1002 2957 1090 3021 rele-

66 3107 72 3115 .
147 3060 279 3125 vendas
293 3070 392 3124 terrae
409 3080 580 3125 aerumnas
602 3064 741 3143 agebat.
794 3058 972 3124 Gerardus
999 3058 1090 3122 Ebo-

147 3161 300 3225 racensis
322 3160 600 3243 archiepiscopus
624 3163 721 3238 obiit,
744 3181 807 3244 pro
830 3179 898 3243 quo
925 3159 1091 3235 Thomas,

69 3339 71 3343 y
148 3259 411 3343 praedecessoris
425 3261 479 3324 sui
494 3259 639 3325 Thomae
654 3260 841 3337 fratruelis,
857 3259 1006 3342 eligitur.

198 3359 289 3426 Haec
314 3367 396 3425 sunt
413 3368 546 3426 statuta
563 3360 606 3424 de
626 3361 933 3437 archidiaconibus
950 3360 1093 3443 presby·
1104 3384 1241 3426 statuemur

1058 3460 1064 3473 .
1104 3436 1221 3484 correcting

148 3460 243 3537 teris,
260 3459 472 3538 diaconibus,
494 3462 773 3537 subdiaconibus,
798 3467 832 3524 et
854 3461 1027 3524 canonicis
1055 3480 1090 3522 1n
1105 3488 1141 3526 ue
1150 3487 1210 3526 100„

146 3579 353 3642 quocunque
372 3561 483 3642 gradu
500 3561 710 3638 constitutis,
725 3580 803 3642 quae
826 3580 917 3625 anno
934 3536 1234 3628 Domini-{¹12¹the

147 3679 198 3724 cae
228 3660 482 3726 lucarnationis
509 3679 651 3728 uc.vu1.
683 3666 880 3726 statuerunt
905 3658 1092 3723 Anselmus

145 3759 427 3844 archiepiscopus
445 3760 718 3838 Cantuariensis,
734 3769 769 3825 et
791 3759 944 3824 Thomas
963 3760 1093 3824 electus

182 3986 191 4022 ¹
205 3989 355 4052 Ordinem]
367 3990 399 4038 In
409 3991 543 4052 praesentis
552 4005 610 4039 con·
636 3990 790 4038 subtractam
802 3993 907 4050 questus
929 3991 975 4036 est.
1012 3987 1094 4036 Vene-

145 4059 609 4125 oiliicourentn,AldwinoRamesien-
635 4057 723 4108 rabilis
740 4059 817 4108 etiam
836 4057 1027 4108 Gantuariensis
1052 4071 1094 4104 ec·

147 4130 170 4181 si
188 4131 326 4192 apostolico
341 4132 419 4194 jussu
435 4131 552 4180 restituta
570 4135 609 4179 est
633 4129 719 4178 clesiae
726 4130 795 4189 prior
805 4127 929 4176 Arnulfus
938 4127 974 4174 ibi
983 4128 1014 4175 de
1024 4125 1094 4174 Burh

147 4199 259 4263 abbatia,
269 4217 344 4264 quarn
354 4203 441 4253 fflmae
453 4202 503 4252 sibi
514 4201 609 4263 injuria
633 4200 713 4249 abbas
725 4200 837 4260 eligitur.
854 4197 919 4246 Adri.
931 4197 991 4246 edit.
