2918 4866
366 397 558 446 rnonumru
586 382 866 448 mroonnrausrs.
1022 386 1089 452 225

134 567 270 626 ctanter
283 562 541 644 superveniens,
567 581 798 628 successorem
821 562 935 641 suum,
952 563 975 628 J
979 565 1086 630 chan
1102 579 1200 621 Murco
1208 581 1242 622 n.

135 682 225 738 uem,
253 681 356 726 manu
383 664 524 745 propria
544 662 726 728 interfecit.
773 664 946 745 Magister
977 665 1087 748 Hugo
1101 639 1215 772 ffiffi

134 761 178 826 de
199 762 386 840 Evesham,
409 763 503 827 tituli
524 763 560 828 S
583 762 772 841 Laurentii,
793 765 906 828 factus
922 773 976 829 cst
990 784 1085 848 pres·
1100 782 1201 872 unffi
1192 793 1206 822 ι

136 863 234 946 byter
258 863 454 928 cardinalis.
508 863 700 946 Impetrata
722 871 774 928 est
800 884 821 928 a
844 865 982 929 domino
1004 884 1125 969 regabe
1100 880 1221 930 Securum

1100 930 1194 972 between
1202 933 1240 973 the

134 963 177 1027 de
193 982 284 1028 novo
300 964 475 1046 separatio
490 963 579 1028 inter
590 966 680 1028 bona
695 964 831 1030 abbatis
846 972 1235 1073 0t⁰⁰11v011t1¹⁵ffipg¹m

135 1063 171 1128 S
191 1064 397 1142 Eadmundi,
414 1063 465 1128 ita
482 1065 575 1146 quod
592 1064 634 1128 de
649 1071 775 1128 caetero
788 1065 883 1129 nullo
900 1085 983 1129 casu
1001 1086 1082 1131 con·
1097 1081 1159 1121 urst
1168 1083 1209 1122 Ed·

134 1163 333 1241 fundantur,
351 1165 512 1247 appensis
528 1165 666 1229 domino
685 1165 758 1246 regi
774 1183 813 1228 M
827 1165 916 1242 lior„
934 1176 1082 1248 excepto
1097 1131 1190 1173 mum

134 1283 220 1328 auro
237 1266 367 1347 reginae
390 1265 435 1330 ad
462 1271 593 1329 tantam
617 1265 772 1346 pecuniae
792 1285 960 1329 summam
975 1267 1081 1349 pcrti-

133 1373 248 1443 nentc,
264 1365 410 1446 aliisque
433 1365 595 1447 expensis
617 1383 639 1428 a
655 1364 765 1428 latere
786 1366 1079 1447 provenientibus

132 1484 211 1546 quae
241 1465 276 1529 in
304 1466 507 1530 immensum
537 1471 771 1529 accreverunt.
824 1463 943 1548 Hujus
958 1487 960 1493 ·
973 1474 1080 1532 cartre

133 1572 232 1628 tenor
246 1566 281 1629 in
307 1565 376 1628 fine
402 1564 506 1630 rotuli
532 1564 574 1628 de
598 1563 713 1640 cartis,
737 1564 780 1628 de
804 1583 897 1628 anno
925 1565 1079 1649 ejusdem

131 1664 224 1747 regis
245 1685 346 1742 nono,
363 1665 567 1730 continetur.
618 1664 790 1730 Dominus
812 1684 874 1728 rex
893 1665 1080 1733 celebravit

134 1764 168 1829 N
170 1766 263 1830 atalc
281 1766 423 1830 Domini
441 1765 533 1848 apud
553 1763 780 1846 Wigorniam.

176 1865 242 1930 Die
258 1865 513 1930 Purificationis
528 1866 641 1929 beatae
664 1865 788 1930 Mariae
813 1863 849 1949 [2
871 1865 971 1947 Feb]
990 1864 1079 1931 cele·
1092 1883 1182 1935 Thebc
1192 1888 1214 1925 ot

130 1966 244 2031 bravit
271 1968 410 2031 missam
437 1967 620 2049 episcopus
649 1963 883 2029 Sidonensis
873 1986 910 2032 m
938 1965 1079 2032 civitate
1093 1933 1231 2026 {imisit

132 2065 409 2150 Hierosolymae;
433 2067 492 2130 ubi
510 2085 571 2148 per
592 2065 701 2133 multa
719 2072 892 2131 retroacta
910 2072 1078 2148 tempora,
1092 2036 1184 2126 llll?

132 2175 274 2249 propter
289 2166 556 2231 Sarracenorum
577 2165 778 2243 dominium,
799 2185 820 2230 a
843 2165 998 2230 divinis
985 2168 1079 2248 peni-

131 2273 189 2331 tus
205 2266 317 2332 fuerat
327 2277 510 2333 cessatum.
535 2266 742 2344 Lewolinus,
753 2266 913 2350 princeps
927 2264 1077 2344 walliae,
1091 2282 1199 2333 Levessrn

130 2367 308 2432 immemor
324 2368 420 2452 pacis
436 2375 471 2432 et
487 2367 628 2431 soederis
654 2367 744 2430 inter
763 2367 939 2430 dominum
962 2386 1078 2450 regem
1092 2334 1167 2373 mm

131 2465 270 2549 Angliae
304 2475 339 2532 et
370 2469 494 2552 ipsum,
531 2466 658 2530 dudum
699 2466 785 2530 inibi
822 2467 1079 2548 praevaricator,

130 2586 304 2632 unacum
339 2567 468 2644 David,
500 2585 666 2648 germano
697 2585 772 2641 suo,
806 2567 915 2630 cidem
938 2565 1079 2632 domino

129 2667 204 2749 regi
225 2667 264 2732 fit
286 2667 434 2732 rebellis.
480 2666 682 2731 Castrorum
703 2667 812 2748 igitur
834 2666 963 2731 domini
984 2667 1077 2748 regis

129 2766 166 2830 in
186 2767 317 2832 Wallia
339 2774 374 2831 et
403 2769 439 2831 in
462 2765 625 2844 marchia,
649 2765 770 2848 vigilia
794 2765 992 2830 Palmarum
1018 2764 1077 2850 [21

130 2867 239 2949 Man]
255 2867 413 2951 quaedam
435 2869 650 2942 subvertens,
671 2866 831 2949 quaedam
852 2865 1077 2944 succendens,

129 2966 276 3050 aliisque
304 2969 498 3032 enormibus
527 2966 719 3044 intendens,
758 2965 909 3029 fidelium
946 2962 1077 3032 domini

128 3069 220 3149 regis
253 3068 506 3132 multitudinem
533 3067 708 3149 copiosam
740 3054 931 3139 interfecit3
971 3074 1189 3198 atq¹¹⁶⁰⁸120l²¹¹¹‘'

128 3166 267 3232 domino
296 3168 437 3249 Rogero
470 3167 512 3230 de
541 3165 694 3243 clifford,
723 3173 844 3247 utpote
862 3165 1049 3230 diliculo
1038 3149 1194 3240 ιιιοῃιιξξᾶῗθ

127 3266 218 3331 lecto
241 3287 306 3331 suo
338 3275 486 3350 reperto,
513 3283 630 3331 secum
657 3268 693 3330 in
717 3265 883 3331 Walliam
912 3266 1074 3345 abducto,

128 3386 207 3431 cum
232 3368 350 3449 pracda
379 3389 448 3433 non
472 3369 608 3433 modica
640 3367 683 3431 ad
713 3367 853 3450 propria
885 3365 1074 3448 repedavit.

129 3466 232 3532 Unde
254 3468 413 3533 domiuus
436 3488 511 3545 rex,
536 3469 572 3532 in
598 3467 793 3531 ultionem
783 3467 986 3551 injuriarum
1009 3467 1175 3532 s1b1mmr

125 3567 315 3646 illatarum,
332 3569 522 3633 exercitum
534 3567 711 3650 dirigens
701 3587 736 3631 1n
747 3566 949 3643 Walliam,'
939 3586 975 3629 m
993 3545 1212 3633 sunillfflvm'

126 3664 260 3733 sidium
278 3688 410 3751 guerrae
436 3688 509 3732 snae
535 3668 730 3734 submutui
757 3687 851 3749 spem
881 3686 903 3731 a
926 3641 1182 3783 singulislsissoer

126 3769 327 3833 civitatibus
344 3769 417 3832 suis
435 3777 469 3832 ct
485 3769 618 3849 burgiS,
638 3787 767 3831 necnon
783 3786 804 3830 a
821 3767 1019 3830 civitatibus
1036 3743 1130 3831 ct¹⁰⁸²¹

126 3867 247 3950 burgis
263 3866 414 3933 virorum
439 3865 794 3942 ecclesiasticorum,
785 3885 820 3928 m
845 3886 918 3930 suae
935 3886 1071 3948 guerrae

126 3969 219 4050 cepit
246 3968 446 4032 subsidium.
497 3964 554 4029 Ad
578 3965 678 4050 cujus
701 3966 838 4047 quidem
863 3966 912 4029 rei
945 3985 1070 4030 execu-

124 4069 252 4132 tionem
278 4068 404 4132 missus
429 4074 483 4131 est
504 4086 566 4149 per
589 4072 699 4130 totam
722 4064 886 4147 Angliam
912 4064 1070 4129 dominus

124 4166 147 4232 J
150 4168 303 4232 ohannes
325 4169 368 4233 de
391 4167 560 4250 Kirkcby,
583 4165 843 4231 archidiaconus
862 4163 1068 4242 cnventriae,
1158 4220 1161 4230 .

174 4284 259 4333 rou.
277 4286 313 4332 ιι.
895 4281 918 4342 o
