2918 4866
385 387 578 436 uuouunru
607 387 891 436 wrcouruunsrs.
1045 372 1109 436 109
1155 359 1158 366 ’

156 548 396 631 umphaturns,
418 547 588 610 instructo
615 544 736 621 milite,
760 546 824 607 sub
849 544 999 626 quadam
1026 565 1107 609 can-

155 650 239 725 tela,
276 648 415 713 obviam
454 645 620 728 procedit.
689 645 918 726 Fugientibus
960 645 1106 722 duobus

158 748 367 813 Gausfridus
407 747 555 826 capitur,
598 751 632 808 et
671 745 837 809 custodiae
879 747 1106 828 mancipatur.

158 848 254 912 Hinc
280 848 394 910 surore
422 845 579 909 succensi
604 846 888 928 Brycstoweuses
915 847 1105 923 castellani,
1118 859 1243 950 {solengi

158 968 237 1011 cum
253 948 392 1013 domino
415 966 490 1023 suo,
509 945 645 1010 comitis
665 944 749 1023 filio,
766 946 976 1011 Bathoniam
999 921 1214 1010 hosti-slim
1239 932 1248 942 ⁸

157 1048 236 1113 liter
256 1047 397 1124 adeunt,
415 1054 494 1128 post
516 1047 700 1128 praesulem
727 1047 859 1128 legant,
882 1053 928 1125 et,
948 1048 983 1110 ni
1005 1048 1107 1111 citius

158 1148 346 1212 commilito
362 1166 446 1210 suus
469 1144 678 1210 Gausfridus
701 1147 876 1224 reddatur,
894 1147 1049 1230 pontifici
1072 1155 1108 1212 et

159 1249 232 1312 suis
254 1247 491 1331 suspensionis
514 1247 707 1329 patibulum
730 1249 915 1311 minantur.
969 1247 1049 1327 Qua
1065 1248 1108 1310 de

161 1368 198 1412 re
221 1348 362 1430 praesul,
391 1347 467 1410 vice
492 1348 695 1411 mercenarii
719 1348 784 1411 sibi
808 1348 1108 1429 suisquetimenS,

160 1448 284 1512 educto
311 1449 353 1512 de
383 1447 542 1511 custodia
565 1446 766 1524 Gausfrido,
797 1455 832 1512 et
860 1448 930 1511 illis
960 1448 1107 1524 reddito,

159 1548 332 1613 voluntati
348 1547 485 1612 illorum
501 1547 603 1611 cedit.
651 1546 754 1624 Quod
772 1548 830 1610 ubi
846 1549 950 1629 regiis
966 1549 1108 1612 auribus

159 1649 372 1726 insonuerat,
387 1649 423 1711 in
446 1648 657 1730 episcopum,
679 1646 776 1709 velut
796 1648 832 1710 in
854 1648 1022 1713 fautorem
1045 1649 1107 1711 ini-

159 1749 324 1813 micorum
348 1767 500 1824 suorum,
519 1747 714 1811 exardescit
736 1747 812 1810 ira:
840 1766 954 1829 quem,
972 1749 1108 1812 etiamsi

160 1849 271 1930 magis
305 1847 485 1912 discordiae
520 1867 625 1929 quam
652 1847 731 1929 paci
763 1867 823 1910 rex
855 1847 929 1929 ipse
959 1849 1109 1926 cederet,

164 1946 295 2034 [illum]
320 1947 490 2032 pastorali
515 1948 639 2011 baculo
670 1946 816 2011 sortasse
843 1948 1007 2028 privaret.
1060 1947 1109 2011 At

160 2049 322 2132 quoniam
339 2048 467 2132 praesul
483 2055 623 2111 coactus
642 2053 675 2110 et
691 2047 819 2111 invitus
840 2047 875 2110 id
899 2057 1029 2129 egerat,
1045 2069 1109 2112 rex

159 2149 274 2214 locum
297 2149 389 2213 dedit
411 2149 485 2223 irae,
506 2165 610 2230 super
626 2166 743 2229 quam,
753 2147 860 2231 juxta
883 2148 1108 2232 apostolicam

161 2250 379 2325 sententiam,
405 2248 584 2328 indignum
606 2255 659 2310 est
674 2255 714 2310 ut
729 2247 781 2310 sol
808 2248 914 2312 saciat
936 2268 1108 2314 occasum.

164 2350 262 2414 Fecit
277 2357 392 2414 autem
407 2368 470 2412 rex
486 2347 705 2430 postmodum
721 2349 813 2430 quod
835 2349 978 2412 consilio
993 2349 1109 2432 dispo-

163 2450 245 2526 suit,
259 2451 400 2514 mittens
423 2448 631 2512 Bathoniam
654 2448 906 2512 multitudinem
925 2450 1110 2527 exercitus,

163 2551 224 2633 qui
238 2550 399 2633 pracsidio
415 2568 478 2612 suo
494 2547 669 2612 civitatem
691 2549 876 2613 muniendo
899 2551 942 2612 ab
958 2550 1109 2614 hostium

163 2651 352 2732 irruptione
370 2649 603 2714 defenderent.
659 2648 742 2712 Non
760 2649 869 2713 multo
892 2657 970 2731 post
988 2670 1108 2714 versus
1121 2671 1214 2719 stenen

164 2749 403 2833 Brycstowam
437 2770 499 2813 rex
528 2750 638 2813 movit
668 2749 870 2827 exercitum,
901 2748 958 2812 ubi
988 2750 1107 2813 iisdem
1121 2722 1248 2811 diatim

164 2848 296 2927 diebus,
302 2871 363 2932 per
375 2850 545 2932 quendam
556 2849 691 2914 comitis
704 2856 900 2930 cognatum,
909 2848 1109 2932 Philippum
1123 2867 1237 2907 irroraret

1122 2919 1256 3006 perpetuated

165 2950 233 3014 Gai
263 2958 510 3033 nuncupatum,
543 2950 639 3013 velut
667 2969 710 3012 ex
737 2947 869 3013 inferno
898 2958 1111 3013 emerserunt
1124 2968 1244 3067 diriipbdn

166 3050 368 3115 Neroniana
401 3070 462 3114 seu
495 3051 649 3113 Deciana
680 3057 836 3132 tempora
862 3058 896 3113 et
928 3056 1108 3113 tormenta.
1156 3094 1158 3098 -

165 3151 233 3216 Illo
258 3152 349 3215 euim
372 3158 509 3232 agente,
533 3157 715 3232 coeperunt
734 3150 816 3213 inibi
839 3151 999 3232 primitus
1015 3149 1112 3214 adin-

164 3253 272 3316 veniri
289 3252 502 3315 diversorum
527 3251 734 3314 acerbitates
757 3258 1016 3327 tormentorum,
1033 3270 1111 3333 quae

164 3371 225 3434 per
246 3359 356 3416 totam
382 3350 546 3433 Angliam
576 3351 678 3433 longe
705 3349 845 3433 lateque
867 3350 1111 3428 disseminatae,

164 3452 359 3516 universam
384 3470 492 3534 prope
512 3451 587 3534 jam
605 3451 649 3514 ad
670 3450 813 3514 nibilum
837 3452 1043 3532 redegerunt
1057 3452 1110 3514 in-

165 3552 289 3616 sulam.
342 3551 422 3615 Rex
437 3549 564 3632 igitur,¹
586 3551 732 3614 vastatis
749 3571 828 3632 quae
845 3552 880 3614 in
900 3552 1058 3628 circuitu,
1076 3561 1111 3616 et
1125 3569 1219 3630 stephan

165 3653 246 3734 igne
277 3652 466 3716 combustis
498 3650 600 3714 terris
633 3670 673 3713 ac
708 3650 801 3714 villis
834 3623 1218 3716 Glaucestreusisi‘riiiiii

164 3753 314 3829 comitiS,
333 3751 533 3834 aliquandiu
557 3750 739 3814 castellnm
763 3751 909 3815 obsedit.
963 3752 1111 3814 Domum
1126 3769 1239 3808 rausum

1128 3820 1191 3868 siege,

164 3860 334 3934 pertaesus
357 3852 497 3915 diutinae
520 3850 719 3926 obsidionis,
737 3850 781 3913 ad
808 3851 877 3915 alia
901 3852 1037 3915 comitis
1057 3872 1114 3915 ca·
1128 3869 1273 3919 ausaausa

198 4063 206 4095 ¹
228 4063 277 4113 Ubi
289 4063 374 4112 iisdem
388 4061 543 4124 ...igitur.]
561 4059 627 4109 Add.
652 4059 694 4109 the
706 4061 835 4109 atrocities
846 4061 906 4109 here
915 4061 1020 4109 alluded
1028 4064 1066 4121 to,
1074 4075 1116 4109 see

161 4136 221 4186 edit.
240 4136 270 4186 0.
281 4133 349 4184 omit.
378 4134 428 4182 For
439 4148 471 4182 an
483 4136 592 4181 account
602 4131 630 4180 ot
652 4131 712 4180 Sax·
724 4130 818 4182 emon.
828 4145 853 4181 a.
867 4135 939 4180 11³⁷.
