2918 4866
369 414 434 479 246
619 426 868 476 conrrnvurro
892 425 1068 474 cunorucr

371 587 487 663 etiarn,
502 592 669 668 tanquam
695 584 852 661 dominos
868 583 1089 647 castellorum
1104 579 1231 644 Scotiae
1249 573 1327 661 [cu-

372 683 565 770 stodiam],¹
581 693 652 748 tam
677 682 764 749 citra
786 703 880 747 mare
906 683 1081 747 Scoticum
1099 699 1203 762 quam
1220 679 1327 754 ultra,

374 807 445 851 uua
462 804 540 850 cum
555 784 671 868 sigillo
690 784 817 848 Scotiae
832 783 1172 856 commendaverunt,
1189 779 1327 860 sibique

375 886 577 950 fidelitatem
599 885 821 968 juraverunt,
835 891 872 948 et
893 903 955 966 per
971 883 1092 947 literas
1106 899 1187 944 suas
1202 885 1327 962 paten-

377 994 430 1051 tes
448 986 512 1048 sibi
529 985 750 1049 securitatem
766 984 1017 1066 praestiterunt,
1033 991 1070 1045 et
1086 987 1125 1045 ut
1142 979 1193 1043 illi
1208 978 1269 1061 qui
1292 978 1329 1040 in

377 1105 485 1167 regno
502 1085 629 1148 Scotiae
640 1084 701 1167 jus
715 1083 783 1147 sibi
798 1082 1064 1148 vindicaverunt
1075 1079 1206 1164 judicio
1224 1077 1329 1142 curiae

379 1184 471 1266 regis
491 1183 629 1266 Angliae
644 1191 738 1248 stare
753 1183 929 1260 deberent,
945 1182 1202 1266 adjudicarunt.
1247 1178 1332 1256 Quo

381 1286 485 1359 facto,
515 1282 675 1348 domiuus
701 1283 738 1348 J.
757 1283 800 1347 de
824 1282 962 1359 Beillol,
986 1290 1020 1346 et
1045 1279 1202 1345 dominus
1226 1277 1273 1342 R.
1288 1277 1332 1340 de

381 1384 498 1460 Bruis,
538 1385 668 1465 aliique
710 1383 850 1465 quidam
880 1382 1021 1446 inferius
1055 1378 1233 1455 nominati,
1267 1396 1332 1459 pro

378 1484 459 1568 jure
479 1503 543 1546 suo
560 1484 764 1548 vindicando
786 1502 824 1546 se
846 1482 1057 1546 obtulerunt.
1109 1478 1178 1557 Qui
1194 1477 1333 1542 taudem

382 1584 417 1646 in
435 1582 499 1646 hoc
518 1590 777 1659 consenserunt,
794 1589 833 1646 ut
857 1599 918 1646 xn.
934 1583 1086 1646 virorum
1100 1578 1266 1659 legalium
1290 1576 1334 1639 de

382 1690 530 1764 utroque
551 1703 657 1764 regno
681 1703 726 1747 ex
748 1701 819 1745 una
845 1689 957 1764 parte,
972 1689 1008 1745 et
1023 1679 1180 1743 similiter
1201 1693 1263 1741 xu.
1288 1696 1335 1740 ex

382 1783 494 1847 altera
508 1791 617 1865 parte,
632 1802 765 1847 necnon
779 1790 814 1845 et
829 1799 899 1845 xrs.
911 1801 955 1844 ex
970 1788 1069 1862 parte
1081 1779 1172 1860 regis
1184 1775 1336 1858 Angliae‚

384 1883 526 1946 arbitrio
541 1902 579 1946 se
593 1884 865 1947 committerent:
890 1890 929 1945 ut
946 1880 1104 1945 videlicet
1117 1878 1335 1958 singulorum

387 1983 579 2046 rationibus
599 1992 634 2046 et
654 1982 791 2065 juribus
808 2000 924 2045 coram
940 1981 1026 2064 ipsis
1049 1977 1220 2060 allegatis
1235 1996 1337 2040 suam

387 2102 490 2163 super
521 2082 586 2145 hoc
619 2082 822 2146 sententiam
858 2082 894 2143 in
926 2080 1077 2143 crastino
1110 2079 1144 2143 S.
1160 2076 1337 2141 Petri-ad-

387 2180 539 2244 Vincula
567 2182 605 2264 [2
629 2181 739 2263 Aug]
766 2180 1025 2262 promulgarent
1048 2186 1082 2242 et
1109 2177 1337 2260 publicarent.

388 2280 469 2357 Quo
495 2279 601 2356 facto,
625 2299 689 2343 rex
716 2280 854 2361 Angliae
881 2280 1079 2362 episcopum
1103 2277 1146 2341 de
1172 2275 1338 2340 Cathens'.

389 2378 631 2443 cancellarium
655 2379 780 2443 Scotiae
807 2378 996 2455 constituit,
1011 2379 1075 2443 ¹cui
1100 2376 1206 2441 etiam
1232 2395 1338 2438 unum

389 2479 431 2541 de
455 2477 587 2542 clericis
609 2479 692 2556 suis
709 2479 951 2543 cancellarium
975 2477 1126 2559 Augilas,
1141 2475 1341 2540 Walterum

390 2578 432 2641 de
448 2577 685 2642 Amundham²
695 2577 868 2642 dominum
878 2579 1076 2653 associavit,
1087 2575 1186 2660 cujus
1196 2575 1342 2639 consilio

392 2683 426 2741 et
448 2697 591 2741 assensu
615 2679 730 2742 omnia
751 2679 863 2742 forent
888 2677 1046 2742 facienda
1068 2684 1103 2740 et
1125 2675 1341 2756 exequenda.

393 2776 624 2841 Castellorum
639 2797 721 2841 vero
745 2777 937 2841 custodiam
956 2761 1114 2840 fidelibus
1134 2775 1219 2851 suis,
1236 2781 1343 2856 prout

392 2877 459 2939 sibi
479 2877 671 2953 videbatur,
696 2877 883 2941 distribuit.
929 2875 1032 2940 Pacis
1055 2875 1159 2939 etiam
1182 2881 1216 2938 ct
1245 2881 1343 2937 trau-

393 2975 577 3058 quillitatis
593 2975 753 3040 custodes
769 2977 923 3058 aliosque
941 2976 1108 3056 regalium
1118 2974 1344 3054 negotiorum

394 3083 607 3152 executores,
621 3084 691 3139 tarn
707 3077 794 3139 citra
805 3094 900 3140 mare
913 3094 1017 3158 quam
1029 3076 1134 3150 ultra,
1149 3073 1344 3139 constituit.

396 3175 439 3237 In
461 3176 613 3239 crastino
637 3176 745 3258 igitur
765 3175 800 3238 S.
818 3174 913 3238 Petri
937 3174 1148 3257 supradicto,
1163 3173 1345 3254 utriusque

395 3283 497 3337 terrae
535 3277 733 3355 proceribus
768 3275 858 3357 apud
891 3274 1082 3349 Berewich‚
1119 3273 1347 3354 omnibusque

396 3374 456 3453 qui
477 3374 512 3435 in
532 3394 639 3454 regno
662 3374 786 3437 Scotiae
804 3374 864 3457 jus
887 3375 954 3438 sibi
973 3374 1245 3449 vindicaverant,
1263 3391 1347 3435 cou-

397 3470 474 3534 silio
499 3473 671 3535 communi
699 3473 953 3538 consideratum
982 3480 1047 3550 est,
1072 3473 1223 3537 omnium
1249 3471 1347 3535 calu·

397 3571 525 3632 mnium
540 3572 674 3636 irritam
690 3591 765 3635 esse
777 3572 900 3638 debere
913 3581 947 3637 et
956 3574 1103 3650 inanem,
1113 3578 1348 3655 praeterquam

397 3670 612 3734 dominorum
632 3674 667 3736 J.
683 3672 725 3735 de
749 3672 863 3736 Baiiol
887 3682 922 3737 et
948 3673 995 3738 R.
1012 3673 1054 3736 de
1079 3672 1182 3749 Brus,
1201 3678 1237 3734 et
1252 3670 1276 3734 J
1282 3718 1291 3735 .
1305 3671 1349 3734 de

399 3768 583 3851 HastingS,
614 3779 650 3835 et
679 3770 824 3836 aliorum
851 3773 911 3854 qui
940 3772 1081 3836 inferius
1114 3771 1350 3835 nominantur.

398 3868 453 3932 De
471 3888 616 3951 quorum
636 3870 716 3953 jure
740 3871 953 3936 discutiendo
977 3873 1176 3954 assignatus
1196 3876 1251 3933 est
1271 3889 1351 3952 par-

398 3969 491 4031 tibus
517 3969 591 4032 dies
616 3971 707 4051 apud
736 3971 926 4049 Berewich‚
947 3974 982 4036 in
1006 3973 1156 4036 crastino
1178 3971 1215 4034 S.
1232 3968 1350 4033 Triui-

434 4195 441 4227 ¹
464 4199 625 4262 Custodiam]
643 4199 758 4248 Omitted
770 4201 796 4247 in
807 4199 865 4251 MS.
918 4197 1119 4261 menandrum]
1136 4197 1351 4260 Agmoudesba'm.
