2918 4866
371 384 437 449 274
620 397 868 446 conrrnunrro
892 396 1068 445 canorum

374 557 501 633 missis,
527 557 709 620 universos
741 563 775 619 et
804 555 962 636 singulos
980 554 1120 638 Angliae
1146 552 1325 636 praelatos,

375 677 452 721 cum
471 676 535 720 suo
555 657 660 733 clero,
683 674 815 720 necnon
837 664 872 720 et
897 655 1079 736 religiosos
1102 673 1220 718 omnes
1248 669 1325 734 pos·

375 758 548 821 sessiones
590 757 796 833 obtinentes,
836 756 878 819 ad
915 756 1030 837 ipsum
1071 755 1326 838 parlamentum

375 864 529 932 vocatos
563 857 607 920 ad
645 855 879 939 praestandam
919 856 1138 919 medietatem
1172 852 1324 918 omnium

377 958 544 1021 bonorum
570 976 711 1020 suorum
745 956 976 1038 spiritualium
1009 964 1044 1019 et
1071 952 1326 1036 temporalium,

371 1057 478 1140 juxta
504 1057 720 1120 taxationem
747 1075 810 1137 per
840 1056 946 1119 denas
971 1056 1131 1137 proximo
1165 1051 1329 1136 praehibi-

378 1166 461 1229 tam,
488 1157 553 1219 sibi
577 1156 796 1238 patrandam,
821 1163 857 1219 et
883 1155 926 1218 ad
953 1162 1024 1219 tres
1050 1155 1226 1229 terminos,
1249 1153 1327 1234 ipso

377 1274 467 1319 anno
494 1256 652 1331 durante,
677 1257 890 1333 solvendam,
918 1254 1085 1337 compulit
1109 1262 1145 1318 et
1158 1253 1329 1318 violenter

377 1355 527 1421 induxit.
583 1355 693 1439 Cujus
713 1356 850 1437 quidem
873 1355 1107 1438 praestationis
1127 1371 1263 1418 summa
1282 1351 1328 1415 ad

378 1451 432 1518 O’J.
458 1455 533 1520 libr.
557 1457 755 1521 excrevisse
774 1455 933 1521 refertur.
986 1453 1133 1519 Nostral
1156 1452 1329 1535 siquidem

379 1556 571 1636 praestatio,
589 1556 632 1619 ad
657 1573 771 1621 nc.1.v.
784 1556 859 1633 lib,
883 1555 998 1632 x1.d.,
1021 1556 1076 1619 ob.
1096 1552 1329 1617 1v.excrevit.

216 1674 335 1771 ffiffibl·
346 1673 370 1713 or
381 1654 527 1720 Interim
544 1656 708 1737 magister
725 1655 747 1719 J
751 1656 904 1720 ohannes
920 1656 963 1720 de
983 1653 1168 1729 Saunford,
1192 1652 1329 1716 arehie-

217 1835 229 1863 ι
238 1824 327 1863 mtsston
336 1827 359 1863 to

216 1875 365 1923 theomaro„
381 1852 546 1932 Antonio,
587 1855 812 1920 Dunelmensi
848 1857 1025 1938 episeopo,
1066 1855 1211 1936 aliisque
1241 1871 1328 1916 non·

381 1955 483 2018 nullis
497 1955 590 2036 regis
605 1954 745 2038 Angliae
762 1956 933 2030 fidelibus,
951 1976 1015 2038 pro
1030 1955 1180 2037 negotiis
1193 1971 1331 2033 guerrae

382 2074 467 2130 suae,
486 2075 602 2137 regem
625 2055 839 2120 Alemanniae
857 2055 1035 2138 ipsiusque
1050 2061 1152 2118 terrae
1168 2071 1330 2136 proceres

383 2173 459 2216 cum
497 2163 668 2236 apparatu
706 2175 776 2221 non
814 2156 950 2219 modico
986 2155 1131 2231 adierat,
1164 2152 1331 2233 Angliam

217 2272 355 2312 nmtru-
380 2253 526 2330 rediens,
554 2261 589 2318 et
617 2254 710 2336 apud
737 2254 963 2330 Gernemuth,
991 2262 1071 2338 post
1091 2272 1221 2338 paucos
1244 2251 1331 2326 dies,

218 2323 302 2363 ‘mh'
382 2352 508 2416 ibidem
536 2352 747 2434 defungitur.
800 2355 844 2418 In
868 2355 1086 2437 parlamento
1112 2372 1219 2436 supra
1250 2371 1332 2434 pro-

218 2471 316 2561 ,iffi
381 2453 478 2515 ximo
491 2452 623 2530 habito,
638 2455 803 2535 magister
814 2454 1013 2520 Willelmus
1031 2455 1074 2518 de
1096 2452 1331 2529 Monte-forti,

218 2571 347 2670 ΨΜ,
382 2551 534 2616 decanus
552 2553 588 2617 S.
608 2553 711 2618 Pauli
736 2555 936 2631 Londoniae,
952 2556 1012 2635 qui
1034 2554 1165 2634 negotii
1187 2553 1330 2616 decimae

219 2673 341 2711 atanasi.
382 2652 455 2732 regi
500 2653 652 2734 Angliae,
696 2655 732 2716 in
781 2654 972 2718 subsidium
1020 2654 1139 2718 Terrae
1192 2654 1331 2718 Sanctae

219 2722 298 2762 ΜΗ·
381 2751 510 2815 dudum
534 2772 719 2830 concessae,
745 2756 780 2817 in
807 2755 903 2818 curia
932 2754 1093 2818 Romana
1116 2761 1331 2836 procurator,

299 2881 302 2887 ·
382 2860 417 2915 et
447 2853 643 2935 praecipuus
674 2855 892 2935 negotiorum
920 2855 1030 2937 ipsius
1062 2855 1154 2935 regis
1183 2855 1220 2918 in
1248 2854 1330 2917 sub-

382 2952 574 3015 versionem
604 2953 775 3017 libertatis
815 2955 970 3019 ecclesiae
1002 2953 1209 3037 Anglicanae
1249 2974 1331 3018 exe·

382 3061 483 3116 eutor
500 3053 668 3117 extiterat
682 3061 718 3117 et
731 3052 936 3135 promotor,2
959 3054 1074 3119 subito
1091 3063 1126 3118 et
1141 3054 1332 3137 inopinate,

381 3151 417 3214 in
447 3160 637 3234 conspectu
665 3154 775 3237 ipsius
802 3154 893 3236 regis
917 3153 1052 3237 sibique
1082 3155 1331 3230 assistentium,

382 3251 498 3315 subita
525 3272 712 3335 percussus
739 3254 909 3335 passione,
935 3254 1105 3331 ultimum,
1138 3254 1173 3317 in
1204 3261 1330 3318 terram

417 3473 559 3547 ¹Nostra.]
588 3479 642 3529 The
662 3481 745 3542 abbey
765 3483 795 3531 oi
808 3483 845 3534 st.
871 3483 1005 3532 incolumis
1034 3483 1068 3531 ad
1093 3484 1191 3532 curiam
1221 3485 1335 3545 veniens,

382 3548 534 3598 Edmund’s.
870 3558 900 3602 ut
916 3554 984 3615 regis
1000 3554 1112 3602 animum
1134 3554 1271 3616 mitigaret,
1289 3560 1336 3604 ant

871 3623 960 3672 saltem
982 3624 1033 3672 tale
1054 3625 1147 3686 jugum
1175 3624 1336 3684 importabile

414 3689 594 3750 ²Promotor.]
618 3690 693 3737 From
714 3690 786 3738 other
803 3705 845 3740 ac·
870 3693 1009 3755 servitutis,
1026 3694 1094 3742 sicut
1115 3695 1196 3742 bonus
1216 3694 1334 3743 ecclesiae

380 3763 471 3807 counts
482 3760 502 3806 it
514 3758 650 3808 wouldnot
659 3773 725 3808 seem
738 3760 844 3810 thatthe
869 3763 948 3824 iilius,
974 3763 1105 3826 levigaret,
1129 3769 1156 3812 et
1178 3766 1335 3826 appropians

379 3830 843 3880 deanwasocreatureoiEdward's:
869 3838 927 3880 ante
950 3848 1046 3897 regem,
1063 3839 1092 3883 nt
1113 3849 1253 3884 sermonem
1277 3850 1335 3885 con-

379 3898 540 3947 Matthewoi
549 3899 727 3947 Westminster
734 3899 772 3965 (p.
782 3897 843 3965 422)
869 3908 980 3965 ceptum,
988 3919 1034 3965 pro
1043 3919 1093 3965 quo
1102 3909 1214 3964 venerat,
1223 3919 1335 3966 expone-

379 3983 439 4030 says
461 3970 614 4030 eoncerning
636 3969 700 4031 him,
722 3971 844 4020 ‘Dicitur
868 3978 916 4034 ret,
932 3979 1035 4035 repente
1053 3975 1130 4024 labiis
1147 3975 1334 4038 obmutescens,

378 4040 455 4088 etiam
467 4041 535 4106 quod
547 4041 669 4103 magister
679 4039 842 4091 Gulihelmus
868 4044 965 4092 viribus
1017 4046 1130 4107 corporis
1183 4046 1333 4111 destitutus,

377 4109 410 4157 de
433 4109 600 4172 Monte-lorti,
625 4111 738 4159 decanus
761 4112 842 4162 eccle·
868 4129 952 4162 eoram
979 4129 1038 4177 rege
1062 4130 1193 4178 corruens,
1215 4115 1334 4176 spiritum

377 4179 423 4226 siae
441 4179 467 4228 S.
483 4181 562 4229 Pauli
582 4180 700 4244 Londin,
719 4196 798 4230 sanus
816 4184 1016 4246 eberhalavit!

217 1774 366 1813 „turmam
380 1754 544 1837 piscopus
584 1756 821 1832 Dublinonsis,
859 1756 931 1838 qui,
968 1775 1039 1820 nne
1070 1774 1148 1818 cum
1188 1752 1328 1816 domino
1422 1747 1427 1756 ’
