2918 4866
352 371 395 434 70
457 385 667 434 canonican
691 384 884 433 rnonrnrn
909 384 1189 434 wrcoaruunsrs

353 545 492 622 tulerat,
508 544 603 608 venit
620 544 871 609 Normanniam
888 545 931 609 ad
950 565 1067 627 regem
1086 539 1302 620 Heinricum,

354 647 491 710 litteras
508 645 690 728 apostolici
703 644 871 723 deferens,
887 665 965 728 quae
986 646 1037 710 illi
1052 647 1146 711 vices
1162 651 1302 728 aposto-

355 747 441 811 licas
459 747 495 810 in
509 745 640 827 Anglia
661 746 902 810 administrare
928 746 1182 824 concedebant3
1210 745 1302 830 quod

195 866 464 958 galrhgrr-orregno
496 844 636 927 Angliae
669 847 766 911 brevi
800 847 970 911 innotuit:
1007 847 1097 911 unde
1131 846 1305 911 communi
1337 858 1340 860 ·

195 925 276 1014 nillil
287 927 326 966 ¹¹¹5
359 947 503 1013 consilio
519 945 648 1027 reginae
666 954 701 1011 et
723 946 889 1012 nobilium
905 947 1137 1031 quorumlibet
1153 944 1305 1028 Angliae,

195 1019 271 1058 Μ
360 1047 629 1112 Cantwariensis
654 1047 934 1131 archiepiscopus
957 1047 1144 1124 Radulfus,
1167 1066 1308 1111 emensa

360 1148 550 1214 festivitate
576 1146 784 1212 Natiuitatis
810 1148 845 1214 S.
861 1147 985 1212 Mariae
1007 1148 1044 1231 [8
1060 1147 1186 1230 Sept.],
1212 1167 1307 1211 mare
1405 1150 1407 1154 “

361 1248 509 1324 transiit,
541 1265 658 1328 regem
686 1245 783 1325 adiit,
812 1243 980 1330 illumque
1010 1247 1200 1329 Rotomagi
1225 1267 1307 1312 con·

361 1350 539 1414 sistentem
563 1348 712 1430 reperit3
736 1354 772 1412 et
798 1368 875 1413 cum
901 1347 978 1431 ipso
1003 1349 1046 1412 de
1074 1347 1222 1430 negotiis
1244 1367 1307 1430 pro

361 1449 487 1532 quibus
505 1455 659 1526 venerat,
677 1449 784 1532 juxta
805 1468 920 1514 rerum
940 1448 1106 1527 ordinem,
1129 1449 1310 1530 diligenter

362 1567 481 1632 agene,
507 1547 551 1612 ad
577 1549 756 1613 consilium
780 1549 857 1633 ejus
884 1549 1036 1614 Romani
1062 1549 1196 1613 itineris
1216 1549 1309 1614 viam

362 1649 563 1732 ingreditur.

209 1765 337 1811 nouu-
414 1747 608 1815 Secundum
640 1749 734 1831 regis
768 1748 925 1835 Heinrici
959 1760 1182 1834 praeceptum,
1216 1749 1310 1833 apud

201 1837 352 1928 ἒῑῗίἒοξῖῗὲἶι
366 1848 602 1915 cirenceastre
628 1868 756 1915 novum
782 1869 870 1932 opus
892 1857 946 1914 est
967 1851 1152 1934 inceptum.
1205 1849 1310 1933 Apud

202 1940 314 2028 lilith.
367 1951 624 2028 Lumbardiam,
656 1968 781 2031 magno
806 1959 909 2015 terrae
941 1958 1036 2016 motu
1065 1952 1170 2028 sacto,
1198 1958 1244 2028 et,
1273 1956 1312 2015 ut

202 2038 326 2138 ffill„
367 2053 485 2117 testati
502 2057 582 2114 sunt
590 2051 651 2133 qui
663 2069 802 2127 novere,
814 2067 874 2114 xr..
890 2048 1021 2116 dierum
1031 2053 1145 2136 spatio
1155 2052 1313 2128 durante,

203 2170 325 2222 nproauy.
366 2152 515 2233 plurima
545 2151 724 2216 domorum
750 2151 897 2217 aedificia
928 2171 1108 2233 corruere;
1147 2160 1194 2230 et,
1220 2152 1312 2235 quod

370 2252 446 2315 visu
478 2251 641 2334 dictuque
671 2257 807 2316 constat
839 2252 1010 2330 mirabile,
1039 2253 1123 2318 villa
1154 2253 1313 2337 quaedam

369 2352 571 2434 pergrandis
597 2347 693 2416 mota
720 2359 774 2416 cst
799 2360 940 2436 repente
968 2354 1012 2418 de
1036 2361 1133 2418 statu
1162 2354 1315 2437 proprio,

364 2450 507 2534 jamque
529 2453 573 2516 ab
594 2452 752 2517 omnibus
778 2451 814 2516 in
839 2454 944 2536 louge
969 2461 1100 2519 remoto
1127 2454 1315 2520 consistere

206 2575 302 2614 anona
368 2552 520 2626 cernitur
535 2552 625 2619 loco.
676 2552 879 2632 Mediolani,
897 2555 979 2619 dum
996 2556 1151 2640 patriciae
1168 2555 1316 2638 dignita·

205 2625 298 2676 ‘'Q''
368 2651 414 2716 tis
430 2653 507 2730 viri,
522 2653 565 2718 de
586 2653 764 2737 republica
789 2660 990 2733 tractantesr,
1012 2658 1076 2721 sub
1097 2673 1168 2720 una
1187 2657 1316 2721 reside·

369 2760 447 2817 rent
473 2754 572 2832 turri,
596 2750 738 2820 auribus
760 2747 1008 2821 omnium'vox
1033 2756 1125 2822 foras
1149 2757 1315 2833 insonuit,

369 2872 475 2917 uuum
499 2875 544 2920 ex
565 2854 635 2918 illis
657 2856 795 2920 nomine
810 2870 953 2934 vocanS,
973 2863 1009 2921 et
1029 2856 1193 2922 festinato
1221 2858 1317 2922 exire

369 2973 509 3037 rogans.
561 2955 642 3035 Quo
660 2956 831 3034 tardante,
849 2972 998 3040 persona
1017 2956 1177 3040 quaedam
1200 2974 1317 3023 coram

369 3056 544 3138 apparuit,
553 3076 631 3138 quae
641 3064 803 3121 vocatum
816 3058 926 3123 virum
936 3065 976 3122 ut
985 3056 1208 3140 egrederetur
1216 3074 1319 3142 prece

371 3155 531 3220 obtinuit.
585 3156 745 3221 Exeunte
772 3156 845 3237 illo,
875 3159 980 3223 turris
1004 3166 1148 3241 repente
1181 3159 1317 3236 cecidit,

370 3262 407 3319 et
437 3275 555 3320 omnes
585 3257 646 3339 qui
680 3256 805 3321 ibidem
837 3259 982 3323 aderant
1015 3275 1098 3324 casn
1130 3258 1318 3324 miserabili

209 3380 331 3428 nnana.
372 3354 567 3437 oppressit.l
621 3355 812 3422 Rotbertus
835 3357 1104 3424 Staeffordensis²
1121 3359 1318 3443 episcopus,

209 3430 344 3478 oleoventry

209 3479 341 3569 Zggoppfan
371 3471 448 3521 vur.
466 3455 543 3519 idus
567 3456 730 3520 Decemb.
749 3457 791 3539 [d¹
811 3459 916 3543 Dea]
944 3459 1043 3538 obiit,
1065 3467 1101 3524 et
1119 3458 1319 3525 Gllebertus

210 3580 360 3670 {rheumam
372 3555 479 3620 abbas
497 3555 810 3622 westmonasterii.

407 3740 413 3769 ¹
435 3743 581 3806 Oppressit]
598 3744 645 3791 Vir
655 3745 732 3792 etiam
745 3743 835 3793 lauda·
860 3759 876 3794 a
887 3745 1016 3794 laboribus
1033 3746 1097 3808 suis,
1105 3745 1180 3795 beato
1191 3747 1239 3795 fine
1251 3747 1323 3808 quie-

370 3813 430 3862 bilis
439 3813 687 3876 dominusFaricius,
696 3815 775 3864 abbas
782 3815 835 3863 Ab·
860 3816 897 3863 rit
914 3820 989 3865 xv110.
1004 3815 1123 3865 videlicet
1137 3817 1267 3879 regiminis
1282 3816 1323 3866 sui

270 3948 272 3952 Ι
372 3879 540 3933 bandonensis
556 3883 680 3945 ecclesiae,
699 3899 756 3933 cum
777 3888 834 3947 ejus
860 3895 933 3946 anno,
944 3893 990 3935 vu.
1007 3886 1061 3937 kal.
1080 3885 1169 3935 Martii
1184 3885 1322 3951 [28Feb.].

373 3956 499 4004 industria
528 3969 589 4014 opes
618 3955 689 4004 illius
718 3955 833 4004 ecclesiae
860 3956 891 4005 L.
902 3958 960 4006 odd.

372 4025 547 4086 multiplicatae
559 4025 591 4072 de
603 4025 644 4073 die
656 4026 681 4072 iu
694 4022 760 4074 diem
772 4041 834 4087 aug-

372 4099 550 4150 mentarentur,
568 4093 663 4143 decidit
682 4096 708 4142 iu
731 4097 834 4158 aegritu·
869 4104 873 4109 ’
889 4093 1109 4160 ’Stoeffordemia]
1119 4096 1322 4149 conventrensis.

372 4167 464 4228 dinem,
474 4180 524 4227 qua
532 4180 562 4213 cx
571 4165 618 4214 hac
627 4166 683 4214 luce
691 4166 834 4215 subtractus
860 4167 889 4214 L.
900 4169 949 4215 aad
958 4169 1017 4218 edit.
