2918 4866
297 378 364 444 256
544 395 793 445 oon'rnvun'rro
817 397 992 446 annorum

296 555 573 619 mensurabiliter
585 556 628 619 ad
640 555 854 619 voluntatem
868 554 997 619 domini
1010 556 1113 635 regia.
1149 555 1245 620 Prae-

296 662 402 731 terea,
415 675 477 737 pro
491 655 657 737 praedicta
672 657 899 719 conventione
914 662 949 718 et
964 654 1030 717 fine
1041 656 1245 738 exequendo

296 755 457 819 liberavit
467 775 530 818 rex
542 755 669 819 Scotiae
681 755 818 819 domino
832 756 905 836 regi
920 754 1036 818 David
1050 754 1192 819 fratrem
1208 756 1243 819 in

274 841 460 933 obsidem,
478 864 513 919 et
537 856 696 919 comitem
722 853 908 931 Dunekan‚
934 863 970 918 et
993 854 1120 919 multos
1142 856 1243 921 alios,

296 953 446 1032 Quando
464 975 545 1018 vero
561 955 706 1019 castella
721 953 856 1018 reddita
873 954 1012 1030 fuerint,
1028 954 1241 1032 willelmus,

294 1073 357 1117 rex
384 1055 522 1131 Scotiae,
541 1062 575 1118 et
594 1055 721 1131 David,
738 1055 845 1117 frater
867 1074 962 1131 suus»,
980 1054 1240 1120 liberabuntur:

296 1153 438 1218 comites
465 1155 601 1237 quidem
628 1163 664 1218 et
690 1156 838 1218 barones
868 1153 1109 1237 praenominati
1132 1174 1241 1219 unus-

295 1253 456 1336 quisque,
487 1262 671 1336 postquam
706 1254 860 1318 obsidem
894 1274 994 1318 suum
1029 1254 1240 1332 liberaverit,

295 1353 428 1418 seilicet
456 1353 564 1417 filium
591 1373 690 1417 suum
709 1354 915 1435 legitimum,
931 1354 992 1436 qui
1015 1352 1187 1432 habuerit,
1206 1363 1242 1420 et

295 1452 354 1517 alii
370 1460 511 1535 nepotes
527 1473 621 1531 suos,
640 1455 697 1518 vel
713 1454 976 1536 propinquiores
992 1453 1058 1517 sibi
1075 1454 1242 1531 haeredes,

294 1560 329 1616 et
342 1553 506 1632 castellis,
522 1561 562 1618 ut
576 1553 706 1618 dictum
724 1563 788 1630 est,
812 1553 966 1630 redditis,
989 1553 1240 1620 liberabuntur.

294 1651 470 1717 Praeterea
488 1674 550 1718 rex
565 1653 702 1732 Scotiae,
716 1660 752 1717 et
766 1654 912 1716 barones
930 1653 984 1716 sui
1001 1654 1243 1734 praenominati

294 1762 592 1830 assecuraverunt,
609 1754 700 1836 quod
722 1754 789 1834 ipsi
807 1754 897 1816 bona
914 1753 992 1830 lide,
1007 1760 1043 1816 et
1059 1754 1133 1816 sine
1148 1753 1242 1817 malo

292 1853 433 1935 ingenio
460 1861 495 1917 et
521 1854 702 1918 occasione
728 1853 866 1930 facient,
895 1852 986 1934 quod
1018 1853 1183 1934 episcopi,
1206 1860 1242 1918 et

292 1952 451 2029 barones,
478 1961 513 2018 et
539 1954 692 2017 homines
725 1960 825 2017 terrae
852 1971 937 2029 suae,
968 1953 1028 2035 qui
1055 1972 1125 2016 nou
1154 1953 1243 2016 affu-

294 2060 406 2130 erunt,
417 2053 554 2135 quando
567 2073 629 2116 rex
641 2052 767 2117 Scotiae
781 2072 859 2116 oum
870 2051 1008 2116 domino
1024 2071 1104 2133 rege
1116 2052 1242 2130 finivit,

293 2152 437 2215 eandem
459 2152 640 2232 ligantiam
664 2159 698 2216 et
720 2152 919 2217 fidelitatem
947 2151 1085 2216 domino
1102 2152 1190 2233 regi,
1206 2161 1242 2217 et

295 2250 462 2327 Henrico,
478 2251 549 2315 filio
565 2271 640 2328 suo,
658 2270 762 2334 quam
776 2252 845 2334 ipsi
866 2251 1031 2315 fecerunt.
1083 2250 1130 2315 Et
1147 2252 1241 2332 quod

293 2350 360 2432 ipsi
386 2351 545 2428 baroneS,
569 2358 605 2415 et
630 2351 785 2415 homines
814 2352 874 2432 qui
898 2351 1082 2427 affuerunt,
1105 2351 1243 2415 obsides

294 2447 489 2514 liberabunt
516 2450 653 2514 domino
680 2450 765 2532 regi,
784 2451 826 2514 de
850 2452 975 2534 quibus
1000 2450 1126 2514 habere
1141 2451 1242 2514 volu-

294 2549 371 2613 erit.
442 2549 618 2615 Praeterea
647 2551 811 2633 episcopi,
849 2551 991 2614 comites
1024 2557 1059 2614 et
1095 2550 1242 2615 barones

294 2650 650 2714 conventionaverunt
667 2650 805 2714 domino
827 2650 913 2731 regi,
931 2657 966 2714 et
986 2639 1151 2726 Henrico,
1167 2649 1240 2714 filio

294 2767 369 2826 suo,
385 2749 478 2832 quod
494 2751 530 2813 si·
545 2770 609 2814 rex
635 2749 761 2813 Scotiae
783 2750 901 2831 aliquo
923 2769 1008 2812 casu
1030 2769 1052 2812 a
1073 2749 1241 2815 fidelitate

293 2848 422 2912 domini
452 2851 544 2930 regis
572 2856 606 2913 et
635 2849 696 2912 filii
719 2850 785 2927 sui,
802 2857 836 2913 et
858 2868 880 2912 a
902 2849 1130 2913 conventione
1153 2869 1241 2931 prae-

293 2948 386 3012 dicta
403 2949 588 3026 recederet,
611 2949 677 3030 ipsi
700 2968 777 3013 cum
799 2949 936 3012 domino
959 2968 1040 3030 rege
1064 2949 1242 3028 tenebunt,

294 3048 384 3112 sicut
401 3068 477 3112 cum
494 3048 630 3112 domino
644 3048 726 3129 ligio
744 3068 820 3125 suo,
834 3056 955 3112 contra
969 3068 1086 3129 regem
1101 3048 1240 3124 Scotiae,

294 3155 328 3212 et
343 3135 604 3213 contra'omues
630 3147 783 3211 homines
806 3148 944 3211 domino
966 3149 1040 3229 regi
1062 3147 1241 3211 inimican-
1307 3157 1310 3164 '

293 3257 357 3312 tes.
407 3248 453 3312 Et
482 3249 634 3331 episcopi
663 3248 727 3311 sub
754 3247 937 3311 interdicto
960 3254 1090 3329 ponent
1113 3253 1241 3311 terram

293 3348 385 3427 regis
414 3346 553 3425 Scotiae,
583 3348 692 3411 donec
715 3347 790 3429 ipse
814 3347 857 3410 ad
883 3345 1084 3410 fidelitatem
1112 3346 1242 3411 domini

293 3446 385 3527 regis
413 3445 542 3510 redeat.
594 3445 804 3510 Praedictam
830 3447 950 3528 itaque
981 3446 1252 3513 conventionem,

293 3544 436 3608 firmiter
467 3545 731 3621 observandam,
754 3547 844 3610 bona
875 3544 941 3608 fide
973 3553 1008 3610 et
1038 3546 1115 3609 sine
1147 3547 1241 3611 malo

292 3645 443 3725 ingenio,
475 3644 613 3709 domino
646 3645 733 3726 regi,
755 3653 790 3710 et
816 3645 983 3721 Henrico,
1012 3645 1083 3709 filio
1107 3663 1183 3722 suo,
1206 3654 1242 3711 et

292 3743 488 3807 baeredibus
525 3744 609 3823 suis,
642 3764 664 3808 a
695 3744 885 3821 Willelmo,
919 3763 1001 3826 rege
1033 3744 1171 3821 Scotiae,
1207 3753 1243 3808 et

293 3844 421 3920 David,
438 3844 545 3907 sratre
568 3865 644 3920 suo,
664 3851 699 3909 et
717 3863 738 3907 a
757 3845 942 3909 baronibus
959 3843 1031 3907 suis
1056 3843 1242 3926 praedictis,

291 3950 327 4006 et
360 3945 404 4008 ab
437 3944 631 4008 haeredibus
666 3964 796 4020 eorum,
826 3934 1040 4008 assecuravit
1072 3943 1146 4025 ipse
1179 3963 1241 4007 rex

292 4041 431 4121 Scotiae,
450 4053 486 4108 et
512 4044 640 4120 David,
657 4043 765 4107 srater
786 4064 883 4120 suum
901 4050 937 4107 et
959 4062 1077 4106 omnes
1095 4044 1243 4106 barones

291 4144 345 4205 sui
384 4145 641 4225 praenominati,
686 4144 776 4207 sient
812 4144 886 4224 ligii
925 4142 1081 4207 homines
1114 4142 1244 4207 domini
