2918 4866
434 395 627 444 snounuru
654 368 942 445 wiconuinusis.'
1132 380 1155 443 5

205 549 320 633 Feb.],
341 568 402 616 rex
427 553 624 619 Willelmus
649 553 859 620 monasteria
880 553 988 620 totius
1014 551 1152 637 Anglioe
1165 575 1271 612 treuna
1279 573 1317 612 ‹10-

124 652 128 658 '
202 652 423 734 perscrutari,
451 660 487 718 et
512 655 706 736 pecuniam,
731 673 835 736 quam
864 654 1004 719 ditiores
1032 652 1151 736 Angli,
1164 622 1318 715 diffidi&

202 759 344 834 propter
366 753 459 817 illius
482 756 720 819 austeritatem
737 761 772 818 ct
787 755 1099 836 depopulationem,
1114 756 1151 819 in

202 852 253 914 eis
267 853 509 934 deposuerant,
527 855 653 918 auferri
668 862 704 918 et
727 854 763 918 iu
781 856 941 918 aerarium
956 875 1056 919 suum
1073 854 1150 939 jus·

200 952 246 1016 sit
263 952 397 1020 deferri.
427 953 617 1019 Concilium
631 973 796 1036 magnum
810 956 846 1019 in
861 957 994 1019 octavis
1006 955 1151 1020 Paschae
1164 975 1274 1015 sauna
1284 978 1307 1016 a

201 1052 240 1135 [4
269 1050 374 1136 Apr.]
404 1053 592 1119 Wintoniae
621 1055 831 1119 celebratum
858 1063 922 1131 est,
943 1055 1089 1139 jubente
1116 1062 1151 1120 et
1164 1025 1304 1067 mm

201 1160 373 1235 praesente
388 1174 469 1237 rege
485 1154 672 1233 Willelmo,
688 1155 827 1220 domino
841 1152 1043 1220 Alexandro
1059 1175 1151 1238 papa

200 1254 448 1333 consentiente,
471 1262 506 1318 et
526 1274 589 1336 per
609 1274 692 1320 suos
711 1254 848 1338 legatos
867 1255 1149 1320 Earmenfredum

201 1352 434 1419 Sedunensem
464 1353 693 1437 episcopum,¹
708 1361 744 1419 et
771 1357 991 1439 presbyteros
1018 1355 1150 1421 Johan·

201 1472 279 1516 nem
294 1462 329 1518 et
343 1455 499 1534 Petrum,
511 1456 701 1520 cardinales
716 1456 808 1520 sedis
825 1455 1039 1537 apostolicae,
1050 1475 1149 1520 suam

202 1555 444 1619 auctoritatem
476 1555 672 1620 exhibente.
725 1555 768 1619 In
803 1575 873 1638 quo
904 1555 1051 1620 concilio
1080 1556 1150 1622 Sti-
1161 1575 1216 1626 111.
1226 1576 1314 1627 sugam

201 1654 335 1734 gandus
367 1656 595 1720 Doruberniae
626 1655 904 1737 archiepiscopus
938 1656 1149 1738 degradatur
1161 1627 1259 1678 ‘W'

201 1754 312 1818 tribus
325 1775 369 1819 ex
384 1757 509 1833 causis,
531 1756 675 1833 scilicet,
692 1758 774 1839 quia
797 1756 1035 1838 episcopatum
1050 1756 1150 1821 Win-

202 1855 308 1919 toniae
322 1876 400 1919 cum
416 1857 716 1940 archiepiscopatu
733 1857 861 1940 injuste
876 1856 1095 1939 possidebat3
1113 1866 1150 1923 et

201 1954 296 2037 quia,
311 1955 448 2022 vivente
470 1957 729 2039 archiepiscopo
753 1957 921 2035 Roberto,
943 1976 1012 2021 non
1036 1957 1149 2021 solum

202 2055 536 2139 archiepiscopatum
552 2059 712 2139 sumpsit,
726 2056 786 2121 sed
809 2057 913 2121 etiam
934 2056 1011 2140 ejus
1027 2056 1148 2138 pallio,

200 2156 293 2237 quod
323 2156 530 2223 Gantwariae
560 2159 738 2235 remansit,
767 2158 849 2222 dum
880 2157 915 2223 vi
944 2157 1072 2240 injuste
1104 2158 1149 2223 ab

200 2253 332 2338 Anglia
369 2259 490 2340 pulsus
527 2265 592 2336 est,
624 2259 661 2322 in
699 2258 883 2322 missarum
918 2257 1149 2322 celebratione

202 2355 401 2438 aliquandiu
427 2379 512 2423 usus
534 2367 608 2439 est3
635 2365 670 2423 et
686 2364 768 2440 post
786 2377 807 2422 a
824 2358 1027 2434 Benedicto,
1044 2376 1147 2439 quem

201 2465 324 2521 sancta
361 2458 522 2524 Romana
561 2458 707 2523 ecclesia
743 2457 1066 2534 excommunicavit,
1106 2477 1148 2522 eo

201 2557 294 2638 quod
311 2560 464 2640 pecuniis
481 2559 596 2623 sedem
609 2559 834 2641 apostolicam
851 2559 990 2636 invasit,
1005 2557 1148 2640 pallium

201 2659 346 2738 accepit.
397 2659 484 2744 EJus
513 2679 651 2742 quoque
677 2658 785 2724 frater
808 2657 1016 2740 Agelmarus
1045 2657 1147 2722 East-
1160 2680 1276 2731 aaran

200 2756 395 2839 Anglorum
422 2761 604 2843 episcopus
635 2767 689 2825 est
719 2760 939 2841 degradatus.
993 2758 1147 2822 Abbates
1160 2731 1305 2832 illidii·

201 2858 306 2922 etiam
330 2859 437 2941 aliqui
467 2861 515 2924 ibi
545 2860 726 2943 degradati
757 2870 850 2939 sunt,
876 2877 1016 2941 operam
1044 2834 1230 2921 dantem

200 2978 283 3040 rege
306 2967 345 3025 ut
361 2962 584 3043 quamplures
600 2980 645 3024 ex
661 2959 785 3043 Anglis
807 2980 871 3024 suo
892 2959 1021 3024 honore
1035 2957 1149 3040 priva-

200 3067 330 3138 rentur,
354 3061 390 3124 111
417 3081 563 3145 quorum
590 3061 705 3126 locum
735 3081 808 3126 suae
839 3059 951 3143 gentis
981 3076 1148 3140 personas

199 3161 413 3242 subrogavit,
439 3164 483 3226 ob
505 3160 800 3227 confirmationem
822 3161 953 3225 scilicet
977 3160 1032 3223 sui
1056 3158 1148 3239 quod

200 3262 334 3324 noviter
348 3262 559 3344 adquisierat
574 3263 684 3342 regni.
723 3263 794 3326 Hic
810 3268 845 3326 et
861 3259 1059 3336 nonnullos,
1076 3265 1148 3323 tam

200 3361 381 3444 episcopos
416 3382 521 3444 quam
559 3364 715 3439 abbates
746 3381 834 3444 quos
870 3361 968 3426 nulla
998 3359 1148 3425 evidenti

200 3480 307 3526 causa
332 3481 395 3526 nec
419 3463 566 3527 concilia
591 3483 654 3526 nec
674 3463 770 3544 leges
795 3461 902 3526 seculi
927 3461 1148 3537 damnabant,

201 3563 275 3624 suis
298 3561 486 3627 honoribus
506 3563 668 3646 privavit,
684 3570 719 3626 et
741 3581 852 3644 usque
874 3561 918 3625 ad
941 3561 1045 3623 finem
1067 3561 1148 3624 vitae

201 3663 368 3726 custodiae
385 3663 602 3746 mancipatos
617 3663 775 3739 detinuit,
786 3663 993 3744 suspicione,
1008 3667 1048 3723 ut
1061 3659 1149 3722 dixi·

201 3781 289 3840 11111,
307 3771 442 3827 tantum
458 3763 618 3828 inductus
634 3764 716 3828 novi
731 3762 841 3843 regni.
892 3761 936 3825 In
951 3761 1016 3824 hoc
1030 3761 1149 3842 itaque
1161 3780 1268 3831 nauus.

201 3863 358 3942 concilio,
379 3864 459 3928 dum
484 3865 601 3928 caeteri
629 3863 763 3944 trepidi,
787 3869 908 3944 utpote
930 3862 1021 3943 regis
1044 3832 1312 3942 agno-⁸²²⁰'⁵⁰¹⁸¹¹⁰‘'

236 4110 244 4142 ¹
263 4113 423 4163 Seduceusem
440 4112 596 4176 episcopum]
619 4112 716 4173 Bishop
728 4111 756 4160 oi
769 4110 840 4174 Sion,
851 4109 893 4158 the
905 4107 975 4158 chief
983 4112 1050 4156 town
1067 4105 1096 4153 of
1108 4105 1150 4152 the

202 4183 300 4234 Valaia
333 4185 381 4234 See
393 4183 443 4234 vol.
456 4185 473 4234 i.
486 4199 512 4245 p.
524 4182 714 4246 1111111111.
