2918 4866
384 414 451 479 260
637 427 886 477 courrrvuarro
909 424 1085 476 canonici

388 587 488 653 nohis
506 593 541 652 et
558 587 751 651 haeredibus
767 585 895 651 nostris
928 595 1051 651 contra
1075 582 1335 651 concessionem

390 697 426 753 et
448 688 649 771 praedictam
665 687 927 770 promissionem
942 687 1076 751 nullum
1091 685 1261 750 auxilium
1280 676 1338 746 vel

390 789 571 852 consilium
599 787 808 870 impendent,
823 806 886 851 nec
907 788 952 852 ab
974 787 1052 850 aliis
1070 806 1132 869 pro
1151 803 1253 868 posse
1272 800 1338 845 suo

390 888 543 970 impendi
567 888 786 971 permittent3
809 887 913 951 immo
928 888 1020 950 bona
1039 885 1106 950 fide
1128 883 1339 950 laborabunt

392 1007 476 1068 erga
504 1006 567 1050 nos
594 993 629 1051 et
655 986 809 1051 haeredes
836 994 975 1051 nostros
997 986 1092 1068 quod
1110 983 1227 1049 omnia
1249 1001 1339 1064 prae·

392 1088 486 1150 dicta
511 1107 533 1150 a
560 1087 659 1150 nohis
687 1093 722 1150 et
744 1086 938 1150 haeredibus
966 1086 1107 1162 nostris,
1141 1101 1275 1148 necnon
1291 1081 1342 1175 ab·

393 1185 478 1269 ipsis
494 1194 529 1250 et
544 1186 588 1249 ab
604 1204 723 1250 eorum
747 1185 954 1263 haeredibus,
978 1186 1122 1250 firmiter
1135 1191 1172 1249 et
1190 1180 1341 1246 fideliter

394 1287 621 1350 observentur
635 1285 672 1349 in
690 1292 903 1368 perpetuum.
934 1285 978 1350 In
993 1284 1095 1368 cnjns
1111 1285 1162 1348 rei
1179 1282 1339 1348 testimo-

394 1387 501 1461 nium,
520 1392 590 1450 tam
606 1405 669 1449 nos
684 1404 788 1467 quam
805 1386 954 1467 praelati,
969 1385 1124 1462 comiteS,
1140 1390 1176 1448 et
1190 1384 1340 1447 barones

395 1485 517 1562 nostri,
543 1505 695 1568 praesens
723 1485 890 1568 scriptum
919 1485 1112 1567 sigillorum
1140 1489 1340 1546 nostrorum

397 1585 615 1668 appositione
643 1585 904 1649 roboravimus:
929 1585 1077 1649 testibus
1105 1583 1288 1648 comitibus
1304 1587 1342 1645 et

395 1685 579 1750 baronibus
597 1684 755 1767 superins
771 1685 968 1763 nominatis,
993 1703 1086 1749 anno
1103 1683 1200 1766 regni
1217 1681 1343 1758 nostri,

396 1794 432 1849 et
445 1793 520 1848 caet.
1064 1833 1066 1836 -

232 1897 357 1989 ffigtgnffiter
448 1884 671 1948 Sanctissimo
696 1884 732 1947 in
761 1883 901 1949 Christo
931 1884 1025 1967 patri
1054 1883 1077 1950 J
1081 1933 1103 1962 .,
1129 1882 1197 1947 Dei
1225 1881 1344 1962 gratia

235 2000 371 2049 mucrore·
397 2004 532 2048 summo
560 1984 726 2066 pontifici,
748 1982 958 2060 Alexander,
983 1985 1102 2049 eadem
1132 1983 1246 2064 gratia
1278 2001 1341 2044 rex

399 2083 540 2161 Scotiae,
557 2103 671 2147 comes
699 2083 885 2160 Patricius,
912 2103 1027 2148 comes
1056 2084 1098 2148 de
1125 2081 1343 2158 Stratherne,

398 2184 559 2259 salutem,
587 2189 623 2246 et
639 2182 791 2246 debitam
818 2184 1013 2249 cumomni
1039 2183 1167 2247 honore
1182 2200 1344 2246 reveren-

400 2283 495 2347 tiam.
548 2282 734 2345 Sanctitati
748 2291 873 2346 vestrae
889 2283 1124 2364 significamus
1144 2300 1208 2346 nos
1223 2300 1343 2345 sacra-

400 2389 552 2444 mentum
580 2381 806 2463 corporaliter
831 2383 1033 2464 praestitisse
1056 2401 1171 2446 coram
1200 2400 1343 2445 venera-

399 2481 461 2545 bili
480 2487 579 2564 patre
608 2480 663 2558 0.,
693 2480 813 2545 Sancti
842 2479 1342 2546 Nicholai-in·Carcere·Tull.

401 2582 547 2645 diacono
563 2580 743 2658 cardinali,
761 2581 795 2644 in
815 2581 955 2663 Anglia,
973 2582 1103 2658 Scotia,
1120 2588 1155 2645 et
1172 2581 1344 2645 Hibernia

402 2687 487 2744 tunc
508 2681 710 2764 apostolicae
732 2681 824 2744 sedis
847 2681 976 2762 legato,
1004 2680 1071 2768 [et]
1095 2682 1184 2744 hanc
1209 2687 1344 2744 cartam

402 2788 555 2844 nostram
566 2781 697 2856 secisse,
711 2800 789 2861 quae
803 2781 853 2845 ita
862 2782 987 2863 coepit:
1004 2782 1143 2846 ‘Sciant
1154 2787 1345 2864 praesentes

401 2887 438 2943 et
452 2881 570 2956 futuri,
586 2880 679 2962 quod
704 2881 755 2944 ita
784 2882 945 2945 convenit
958 2882 994 2944 in
1010 2881 1194 2964 praesentia
1213 2879 1345 2943 domini

401 2979 446 3044 Ο.
482 2980 602 3045 Sancti
640 2979 814 3057 Nicholai,
854 2979 944 3059 etc;'
985 3000 1063 3063 quae
1101 2986 1198 3044 carta
1236 2997 1346 3061 penes

403 3079 577 3144 dominnm
595 3100 709 3161 regem
736 3078 876 3160 Angliac
904 3087 940 3144 et
969 3100 1031 3144 nos
1060 3087 1215 3144 remanet
1231 3078 1345 3143 chiro-

402 3180 551 3260 grafata.
603 3178 719 3243 Aliam
754 3199 833 3261 quae
858 3181 980 3262 incipit
999 3178 1085 3243 ‘Ad
1115 3179 1268 3244 omnium
1285 3198 1345 3242 ve-

403 3286 513 3341 strum
528 3280 685 3343 notitiam
701 3279 859 3343 volumus
877 3281 1056 3362 pervenire
1071 3300 1148 3344 cum
1165 3298 1210 3342 ex
1234 3279 1347 3343 forma

402 3378 668 3458 praecedentium
707 3386 903 3443 nostrarum
929 3387 1049 3461 pateat
1076 3377 1348 3460 obligationem‚’

402 3475 611 3558 subjecimus
637 3497 700 3541 nos
725 3478 959 3561 jurisdictioni
986 3485 1123 3555 vestrae,
1155 3485 1195 3541 ut
1220 3497 1284 3542 nos
1312 3485 1350 3542 et

403 3573 556 3638 haeredes
588 3583 724 3640 nostros
760 3597 822 3659 per
860 3597 1042 3642 censuram
1078 3577 1348 3642 ecclesiasticam

402 3674 544 3756 possitis
559 3695 728 3753 coercere,
744 3677 773 3740 si
789 3696 852 3741 nos
863 3678 919 3741 vel
933 3677 1086 3742 haeredes
1102 3677 1212 3742 nostri
1229 3676 1349 3758 aliquo

402 3781 556 3856 tempore
584 3783 705 3839 contra
732 3783 956 3841 memoratam
985 3797 1105 3860 pacem
1140 3775 1347 3840 venerimus.

402 3874 449 3938 Et
486 3875 517 3937 si
554 3895 705 3957 unquam
744 3877 925 3957 contingit,
963 3878 1055 3960 quod
1092 3896 1166 3954 nos,
1207 3875 1350 3958 quidam

400 3980 569 4050 nostrum,
592 3994 710 4039 omnes
736 3975 792 4038 vel
819 3995 921 4054 unus,
950 3977 1189 4040 contravenire
1219 3983 1349 4040 temere

399 4083 625 4155 praesumunt,
640 4074 694 4138 vel
712 4093 920 4157 praesumere
937 4077 1094 4140 nituntur
1111 4076 1165 4139 vel
1181 4075 1348 4152 nitentur,

398 4183 433 4237 et
456 4194 500 4238 ex
523 4172 589 4238 hoc
613 4183 682 4238 tam
710 4175 890 4239 animabus
905 4177 1032 4239 nostris
1050 4195 1153 4258 quarn
1171 4174 1348 4239 haeredum
