2918 4866
363 431 554 481 rnonnnrn
579 431 858 481 wrnonurnusrs.
1025 418 1089 484 131

137 589 291 672 suscepit
322 589 512 654 dominium
548 598 655 674 atque
691 591 892 656 hominium.
946 592 1206 659 Profici-nmuat

138 690 248 753 scitur
263 689 341 754 inde
356 710 434 754 cum
458 689 674 756 exultatione
688 711 816 773 magna
832 699 867 757 et
894 693 1034 774 gaudio,
1052 703 1087 760 et
1097 665 1226 764 Mau

136 789 173 852 in
196 791 406 854 monasterio
432 789 551 854 Sancti
576 788 705 855 Albani
730 812 808 856 cum
838 794 1086 875 processionali
1097 765 1217 856 iiiiii&

137 890 328 972 suscipitur
357 890 497 967 bonore,
526 897 561 954 et
586 890 710 974 jubilo.
763 890 904 957 Adeunt
930 913 1005 958 eam
1037 895 1085 958 ibi

137 989 231 1054 cives
258 989 360 1053 multi
389 1009 435 1054 ex
468 990 662 1068 Lundonia,
698 998 868 1057 tractatur
897 994 945 1057 ibi
972 1013 1085 1059 sermo

138 1089 362 1155 multimodus
387 1091 429 1153 de
460 1090 634 1154 reddenda
659 1091 813 1156 civitate.
867 1093 936 1157 His
963 1094 1084 1158 diebus

138 1188 344 1254 horrendum
361 1190 444 1272 quid
466 1190 502 1253 in
520 1191 740 1273 Wigornensi
765 1193 910 1275 contigit
929 1193 1083 1272 dioecesi,

138 1291 231 1371 quod
268 1290 381 1354 relatu
418 1290 561 1372 dignum
593 1291 838 1375 judicavimus.
907 1292 1082 1376 Siquidem
1095 1325 1243 1366 rimant.

137 1397 263 1472 quarta
277 1390 363 1455 feria
377 1398 458 1454 ante
473 1400 633 1454 octavam
649 1390 873 1456 Ascensionis
890 1392 1083 1458 Dominicae
1103 1415 1105 1419 ’

138 1487 197 1575 [ll
216 1491 333 1578 Μαίη,
350 1491 442 1554 circa
460 1510 585 1555 nonam
611 1491 678 1555 diei
702 1492 833 1570 horam,
854 1493 945 1575 apud
962 1493 1081 1557 villam

136 1610 215 1672 quae
227 1590 461 1655 Walesburna
485 1591 622 1666 dicitur,
646 1591 780 1655 distans
806 1593 850 1656 ab
877 1592 1080 1671 Hamtonia,

136 1691 289 1774 episcopi
304 1690 544 1772 Wigornensis
562 1690 657 1768 villa,
683 1693 831 1756 miliario
852 1711 934 1769 uno,
955 1703 1081 1758 ventus

136 1791 283 1855 turbinis
295 1791 479 1856 vehemens
489 1799 633 1856 exortus
645 1799 709 1868 est,
722 1799 757 1856 et
766 1792 879 1872 caligo
892 1793 1081 1871 teterrima,

137 1892 336 1973 pertingens
354 1912 376 1956 a
391 1900 484 1956 terra
497 1911 608 1975 usqne
623 1893 667 1955 ad
682 1892 820 1968 coelum,
831 1899 867 1956 et
881 1893 1081 1957 concutiens

137 1989 276 2054 domum
307 1992 509 2074 presbyteri,
547 1992 603 2056 cui
635 2011 759 2056 nomen
798 1992 1008 2069 Leovredus,
1046 2001 1083 2058 et

136 2078 304 2154 officinas
319 2091 406 2174 ejus,
438 2111 557 2156 omnes
589 2091 664 2156 solo
695 2099 797 2156 tenus
826 2094 1017 2175 prostravit
1047 2102 1082 2158 et

137 2191 332 2255 minutatim
368 2192 549 2274 confregit,
587 2199 715 2256 tectum
753 2211 891 2276 quoque
926 2194 1082 2257 ecclesiae

137 2290 294 2368 abstulit,
310 2299 345 2356 et
364 2291 458 2355 ultra
471 2291 632 2356 Avonam
654 2292 782 2355 flumen
799 2292 959 2376 projecit.
1010 2294 1082 2357 Do-

135 2410 211 2455 mus
238 2392 340 2455 etiarn
363 2392 569 2456 rusticorum
590 2393 661 2456 fere
687 2409 718 2454 u.
741 2392 845 2455 simili
866 2393 969 2457 modo
992 2392 1079 2477 deji-

136 2491 242 2569 ciens,
258 2491 397 2556 inutiles
411 2491 569 2557 reddidit.
616 2489 762 2555 Grando
783 2512 921 2575 quoque
945 2492 989 2556 ad
1004 2511 1079 2556 ma·

136 2592 348 2672 gnitudinem
366 2593 424 2656 ovi
450 2591 635 2656 columbini
657 2591 793 2669 cecidit,
823 2592 922 2677 cujus
952 2592 1079 2657 ictibus

134 2711 301 2773 percussa
321 2693 480 2775 quaedam
505 2691 646 2756 foemina
668 2692 840 2755 occubuit.
893 2693 974 2757 Hoc
990 2693 1078 2770 viso,

136 2793 196 2874 qui
214 2792 387 2857 affuerunt
401 2793 586 2857 admodum
603 2790 760 2856 exterriti
782 2791 922 2855 fuerunt
940 2798 976 2856 et
998 2811 1078 2855 con-

134 2894 275 2957 turbati.
339 2893 563 2975 Imperatrix,
600 2900 640 2956 ut
677 2891 916 2975 praediximus,
958 2890 1079 2954 habito
1092 2910 1206 3001 23pr

135 2998 287 3057 tractatu
296 3012 373 3057 cum
387 2992 697 3068 Lundoniensibus,
709 2992 953 3056 comitantibus
962 3011 1077 3055 secum
1092 3012 1189 3052 tauron.

135 3093 340 3174 praesulibus
365 3093 484 3158 multis
508 3101 543 3158 et
568 3093 790 3174 principibus,
815 3110 937 3155 secura
957 3111 1082 3173 prope·

135 3193 227 3257 ravit
243 3193 286 3257 ad
308 3196 439 3271 urbem,
461 3201 497 3257 et
518 3192 609 3275 apud
632 3192 980 3257 westmonasterium
1001 3211 1081 3254 cum

135 3294 381 3375 processionali
396 3293 584 3376 suscipitur
599 3292 873 3369 honorificentia,
888 3292 1003 3373 ibique
1019 3291 1083 3354 ali-

135 3395 274 3474 quantis
286 3394 405 3458 diebus
421 3393 464 3457 de
478 3393 578 3476 regni
593 3400 689 3457 statu
704 3392 915 3476 dispositura
930 3391 1080 3455 resedit:

136 3500 171 3556 ct
194 3494 307 3576 primo
330 3493 481 3576 quidem,
505 3493 597 3576 quod
618 3492 745 3568 decuit,
770 3500 901 3556 sanctae
924 3491 992 3558 Dci
1015 3491 1083 3555 Ec-

135 3593 264 3671 clesiae,
282 3594 390 3678 juxta
411 3595 578 3657 bonorum
598 3592 792 3668 consilium,
807 3590 987 3655 consulere
1001 3611 1081 3673 pro-

134 3695 282 3757 curavit.
344 3694 451 3758 Dedit
487 3694 605 3775 itaque
637 3692 889 3756 Lundoniensis
924 3691 1081 3754 ecclesiae
1096 3711 1181 3757 norea,

1034 3792 1041 3805 .
1095 3759 1215 3800 smonkoi

135 3793 360 3875 praesulatum
393 3793 529 3858 cuidam
555 3792 772 3873 Radingensi
801 3791 981 3867 monacho,
1008 3811 1083 3854 v1ro
1096 3811 1201 3858 sending,

1096 3862 1159 3900 mado
1167 3859 1202 3909 bp.
1212 3857 1237 3897 oi

134 3894 335 3970 venerabili,
354 3894 509 3958 Roberto
532 3893 679 3973 nomine,
697 3899 869 3974 praesente
891 3898 927 3955 et
940 3891 1084 3974 jubente
1097 3911 1191 3950 muron.

134 3994 323 4058 reverendo
353 3996 479 4058 abbate
513 4012 577 4057 suo
609 3992 821 4056 Edwardo.¹
854 3991 934 4054 Hoc
966 3991 1085 4071 itaque
1097 4008 1208 4058 sophena

1097 4070 1166 4108 queen
1175 4060 1217 4098 and

133 4101 275 4177 peracto
319 4094 387 4158 Dei
432 4094 585 4176 negotio,
632 4091 868 4174 interpellavit
912 4090 1086 4153 dominam
1098 4110 1217 4199 {mgr

132 4191 328 4275 Anglorum
357 4195 490 4276 regina,
523 4213 585 4275 pro
620 4193 757 4257 domino
780 4210 843 4255 suo
865 4209 948 4271 rege
970 4195 1085 4271 capto,
1097 4211 1149 4250 vra
1159 4210 1215 4250 nst.

893 4322 910 4356 κ
929 4312 945 4357 2
