2918 4866
401 390 595 439 nuonnnrn
620 389 903 440 wmoamuusrs
1084 378 1126 442 87

176 547 327 628 quidem,
360 549 467 612 etiam
504 548 534 610 si
572 548 758 611 canonicus
789 549 959 630 regularis
992 551 1038 614 sit
1071 551 1125 614 vel

177 647 379 725 monachus,
410 649 455 711 ab
490 647 610 710 ordine
642 647 860 730 deponatur;
899 649 1009 713 laicus
1044 669 1126 714 vero

176 747 281 811 exlex
305 754 341 812 et
363 748 682 811 excommunicatus
707 748 888 826 habeatur,
908 757 944 814 et
970 750 1125 833 ejusdem

176 848 330 913 ecclesiae
348 847 403 911 vel
418 847 576 911 beneficii
592 854 767 930 potestate
783 850 950 930 privetur.

221 965 259 1012 u.
285 947 445 1012 Ordinari
458 966 654 1030 quenquam
669 967 729 1030 per
739 951 921 1030 pecuniam
931 950 966 1013 in
978 949 1124 1015 ecclesia

175 1047 255 1126 Dei,
272 1049 326 1111 vel
346 1048 554 1130 promoveri,
571 1049 779 1112 auctoritate
801 1050 893 1113 sedis
912 1050 1123 1132 apostolicae,

175 1147 286 1213 modis
302 1148 460 1211 omnibus
477 1148 726 1214 interdicimus

219 1264 271 1310 111.
296 1247 508 1311 Exactiones
535 1254 648 1312 certas
672 1248 897 1330 pecuniarum
917 1269 981 1331 pro
999 1251 1122 1332 recipi-

174 1347 271 1411 endis
301 1347 489 1424 canonicis
516 1347 705 1424 monachis
729 1355 765 1412 et
790 1349 1123 1427 sanctimonialibus,

174 1447 453 1512 condemnamus,

224 1564 271 1612 lv.
297 1547 427 1612 Nullus
451 1546 674 1611 ludecanum
702 1546 769 1610 nisi
794 1548 986 1630 presbyter,
1006 1548 1121 1611 nullus

172 1647 209 1708 in
246 1648 525 1712 archidiaconum
562 1647 627 1711 nisi
671 1647 837 1711 diaconus
877 1648 1121 1712 constituatur.

173 1746 277 1824 Quod
309 1749 339 1811 si
367 1747 445 1830 quis
473 1746 518 1810 ad
549 1745 611 1810 hos
642 1747 789 1810 honores
822 1746 912 1809 infra
937 1747 1121 1829 praedictos

172 1847 311 1911 ordines
321 1849 397 1931 Jam
411 1847 613 1927 designatus
625 1855 690 1923 est,
702 1855 884 1910 moneatur
900 1847 943 1910 ab
958 1849 1120 1930 episcopo

172 1947 215 2011 ad
235 1949 373 2011 ordines
389 1947 563 2012 accedere.
611 1946 760 2024 Quodsi
772 1946 881 2029 juxta
897 1947 1121 2011 monitionem

172 2048 324 2130 episcopi
348 2047 500 2113 ordinari
524 2047 700 2128 refugerit,
724 2047 856 2123 eadem,
874 2046 919 2110 ad
938 2066 1042 2129 quam
1064 2048 1120 2113 de-

172 2148 332 2229 signatus
348 2145 474 2224 inerat,
491 2154 611 2211 careat
625 2147 807 2228 dignitate.

183 2235 184 2238 ¹
222 2264 253 2309 v.
277 2248 524 2331 'Presbyteris
551 2247 765 2324 diaconibus
786 2247 1065 2324 subdiaconibus,
1084 2255 1120 2314 et

172 2349 329 2411 omnibus
353 2347 540 2424 canonicis,
568 2348 791 2412 contubernia
814 2349 996 2412 mulierum
1023 2349 1122 2412 illici-

172 2455 284 2512 tarum
300 2450 438 2530 penitus
450 2448 695 2511 interdicimus.
748 2445 851 2526 Quod
863 2449 893 2511 si
911 2449 1121 2524 concubinis,

170 2547 263 2630 quod
285 2549 387 2626 absit,
406 2548 461 2612 vel
484 2547 691 2630 conjugibus
715 2547 934 2624 adhaeserint,
956 2549 1119 2612 ecclesia-

171 2649 259 2712 stico
276 2650 456 2731 priventur
471 2647 602 2724 ordine,
621 2647 760 2725 honore,
776 2647 879 2711 simul
895 2656 930 2711 et
943 2649 1119 2712 beneficio.

171 2746 400 2830 Presbyteros
412 2766 494 2813 vero
509 2747 737 2830 parochiales,
754 2748 859 2830 siqui
876 2747 963 2810 tales
980 2747 1119 2823 fuerint,

170 2855 272 2913 extra
294 2848 435 2913 chorum
457 2847 625 2930 ejicimus,
649 2855 685 2911 et
708 2846 853 2911 infames
875 2866 949 2910 esse
967 2847 1121 2911 decerni-

170 2966 257 3012 mus.
316 2947 577 3014 Archidiaconis
607 2967 690 3011 vero
722 2956 757 3011 et
787 2947 964 3023 ministris,
995 2947 1119 3029 quibus

169 3047 236 3112 hoc
251 3049 430 3125 incumbit,
447 3047 656 3111 auctoritate
679 3047 748 3111 Dei
767 3053 802 3111 et
820 3053 939 3110 nostra
960 3047 1118 3129 praeeipi-

166 3167 258 3225 ‚mns,
273 3155 313 3211 ut
327 3149 419 3212 omni
436 3147 552 3211 studio
569 3155 605 3211 et
618 3146 849 3211 sollieitudine
866 3155 1051 3229 procurent
1074 3149 1118 3210 ab

168 3248 315 3312 ecclesia
343 3249 411 3312 Dei
434 3248 523 3310 hanc
550 3247 733 3329 perniciem
764 3248 901 3311 omnino
934 3246 1118 3311 cradicare.

172 3347 274 3426 Quod
291 3348 322 3412 si
341 3349 401 3432 qui
423 3348 459 3410 in
485 3347 550 3410 hoo
567 3347 795 3428 negligentes,
814 3346 881 3423 vel,
900 3347 991 3429 quod
1015 3349 1118 3425 absit,

168 3448 422 3512 consentientes
449 3447 583 3510 inventi
608 3446 748 3524 fuerint,
770 3448 880 3530 primo
905 3454 941 3511 et
967 3449 1118 3511 secundo

169 3549 214 3612 ab
254 3549 424 3630 episcopis
473 3548 577 3629 digne
618 3548 847 3628 corrigantur,
892 3547 996 3611 tertio
1035 3567 1118 3612 vero

169 3650 332 3713 canonice
346 3647 500 3712 severius
516 3647 755 3729 corripiantur.

219 3747 495 3813 anoncubinae
506 3767 589 3812 vero
598 3749 876 3830 presbyterorum
890 3755 924 3811 et
934 3748 1117 3811 canonico-

169 3868 257 3925 rum,
276 3849 342 3913 nisi
358 3849 407 3912 ibi
424 3848 577 3928 legitime
596 3848 786 3930 nupserint,
804 3855 905 3911 extra
918 3846 1116 3930 parochiam

169 3948 401 4031 expellantur.
454 3946 555 4027 Quod
577 3949 607 4010 si
621 3958 745 4030 postea
763 3947 952 4030 culpabiles
968 3949 1119 4011 inventae

169 4049 307 4124 fuerint,
324 4049 359 4112 iu
377 4048 614 4131 cujuscunque
630 4048 898 4124 territoriosint,
915 4066 937 4110 a
953 4048 1120 4110 ministris

169 4149 325 4213 ecclesiae
356 4149 549 4231 capiantur,
580 4156 616 4213 et
658 4150 723 4212 sub
766 4147 1120 4212 excommunicatione
