2918 4866
391 369 586 416 rnonnnrrr
614 330 895 421 wroodmnusrs.
1073 360 1116 424 81

164 526 200 589 in
216 526 432 590 convallibus
447 533 482 591 et
492 535 603 591 toturn
621 530 875 610 processionale
889 549 1012 612 agmen
1022 533 1115 613 quod

166 626 314 691 antistiti
325 627 462 690 obviam
475 630 715 710 processerat.'
768 628 953 693 Celebrate
964 638 1017 694 est
1033 650 1115 714 syn-

165 726 253 790 odus
282 726 487 804 Lundoniae,
509 728 545 790 in
572 729 718 792 ecclesia
747 730 841 793 beati
865 728 1112 811 Apostolorum

164 827 1112 911 principisapudwestmonasterium,menseseptemb,

163 931 231 990 1x⁰.
251 927 310 1012 die,
335 927 491 1010 ejusdem
518 928 656 1004 mensiS,
675 928 709 991 id
738 938 803 1006 est,
833 946 866 990 ν.
891 929 969 991 idus
998 930 1111 1012 Sept.;

166 1026 223 1088 ubi
246 1035 327 1109 post
344 1026 530 1090 multarum
554 1027 802 1092 discussionem
821 1048 1015 1105 causarum,
1032 1050 1112 1111 pro·

163 1126 322 1208 mulgata
336 1133 418 1190 sunt
435 1126 509 1190 haec
525 1127 689 1209 capitula,
705 1137 740 1191 et
752 1129 796 1192 ab
812 1129 970 1191 omnibus
988 1131 1111 1193 confir-

162 1233 266 1303 mata,
284 1245 427 1290 numero
445 1243 538 1290 xvu.
591 1225 737 1290 Praefuit
752 1236 868 1291 autem
880 1227 960 1291 huic
978 1230 1111 1310 synodo

161 1325 341 1391 lohannes
367 1326 410 1390 de
437 1325 587 1402 Crema,¹
612 1335 741 1391 sanetae
769 1335 804 1391 et
828 1328 1029 1409 apostolicae
1056 1350 1110 1393 ec·

161 1425 286 1503 clesiae,
317 1427 359 1489 de
382 1426 484 1491 titulo
507 1427 543 1490 S.
568 1426 761 1509 crisogoni,
795 1430 976 1509 presbyter
999 1429 1110 1493 cardi-

161 1526 314 1609 nalis„et
332 1526 463 1590 domini
486 1517 587 1608 papae
608 1526 757 1592 Honorii
779 1529 814 1591 in
833 1527 997 1608 Angliam
1016 1527 1111 1610 lega-

159 1633 229 1702 tus,
254 1646 332 1690 curn
350 1625 524 1691 Willelmo
554 1625 817 1703 Cantwariensi‚
847 1637 881 1692 et
910 1627 1110 1692 Thurstano

162 1725 372 1790 Eboraeensi
398 1726 678 1810 archiepiscopis,
701 1735 837 1791 etcum
861 1727 1031 1809 episcopis
1061 1728 1109 1792 di-

160 1845 336 1890 versarum
352 1827 607 1909 provinciarum
625 1846 766 1891 numero
782 1844 863 1903 xx„
875 1835 910 1890 et
926 1828 1109 1891 abbatibus

160 1927 295 1991 circiter
321 1943 395 2003 xn,
422 1933 458 1990 et
489 1946 567 1990 curn
601 1927 780 1990 innumera
810 1928 893 1990 cleri
923 1936 958 1990 et
990 1928 1109 2010 populi

159 2025 391 2092 multitudine.
445 2025 533 2090 Sunt
551 2034 668 2091 autern
686 2027 760 2091 haee
776 2026 952 2110 capitula:

210 2225 367 2290 Primum
394 2225 628 2291 Carmonem
662 2225 866 2290 Sanctorum
886 2234 1025 2308 patrum
1049 2246 1108 2290 ve-

160 2325 273 2406 stigiis
299 2325 520 2402 inhaerentes,
538 2345 736 2409 quenquam
751 2326 786 2388 in
803 2326 948 2390 ecclesia
969 2346 1032 2408 per
1047 2347 1108 2409 pe·

159 2424 296 2489 cuniam
334 2425 485 2490 ordinari
525 2426 733 2489 auctoritate
767 2427 961 2507 apostolica
992 2427 1108 2509 prohi-

158 2525 290 2589 bemus

208 2641 247 2688 11.
271 2625 518 2690 Interdieimus
540 2626 645 2689 etiam
669 2632 709 2688 ut
736 2645 798 2707 pro
825 2626 1022 2702 chrismate,
1043 2646 1106 2708 pro

156 2724 246 2800 oleo,
267 2745 331 2806 pro
355 2726 575 2807 baptismate,
591 2744 655 2806 pro
675 2725 892 2806 poenitentia,
907 2745 969 2807 pro
988 2726 1106 2789 visita·

156 2824 250 2888 tione
269 2825 487 2890 infirmorum
504 2844 567 2888 seu
591 2825 764 2902 unctione,
788 2844 850 2906 pro
868 2826 1107 2888 communione

156 2927 311 3006 corporis
338 2924 480 2999 Christi,
506 2945 569 3007 pro
596 2925 788 3006 sepultura,
812 2924 944 2988 nullum
968 2926 1106 2988 omnino

155 3025 301 3106 pretinm
319 3024 491 3107 exigatur.

205 3142 257 3187 111.
287 3125 480 3189 Statuimus
497 3133 676 3208 praeterea,
694 3132 729 3187 et
746 3125 938 3205 apostolica
956 3125 1106 3187 auctori-

189 3313 197 3346 ¹
215 3316 339 3365 Jclrunnes
356 3317 385 3364 de
405 3315 513 3378 Crebra]
531 3315 616 3364 Hore-
643 3316 801 3364 severissime
813 3316 845 3364 de
856 3316 978 3364 uxoribus
991 3316 1107 3363 sacerdo-

153 3387 202 3435 den
213 3386 260 3434 has
278 3387 413 3447 preserved
431 3385 474 3434 the
485 3385 616 3446 following
643 3389 696 3432 turn
715 3390 859 3442 tractasset,
876 3386 963 3433 dicens
983 3400 1107 3434 summum

153 3457 274 3506 anecdote
286 3456 495 3518 concemingthis
503 3455 616 3503 cardinal
643 3455 727 3503 scelus
738 3469 794 3503 esse
806 3470 821 3502 a
836 3456 914 3503 latere
925 3457 1063 3504 meretricis
1074 3456 1107 3504 ad

152 3527 221 3577 John
247 3527 279 3575 de
302 3526 408 3574 Creme:
433 3525 492 3573 ‘Ad
515 3525 616 3573 Pascha
643 3539 735 3586 corpus
747 3524 843 3573 Christi
858 3526 1041 3574 conficiendum
1053 3541 1108 3573 sur-

153 3596 353 3646 reroJohannes
369 3594 616 3653 Gremensis,eardi-
643 3609 711 3656 gere,
741 3609 799 3642 curn
828 3595 916 3643 eadem
945 3596 987 3643 die
1015 3610 1107 3656 corpus

152 3667 218 3715 nelis
230 3667 368 3726 Romanus,
379 3665 511 3714 descendit
526 3666 552 3712 in
563 3664 615 3712 An·
643 3664 738 3713 Christi
750 3664 903 3726 confecissit,
912 3680 970 3712 curn
977 3666 1107 3714 meretrice

153 3737 239 3799 gliam,
258 3736 477 3798 perendinansque
495 3750 541 3797 per
562 3735 616 3796 epi·
643 3739 700 3795 post
727 3749 859 3795 vesperam
882 3736 1036 3798 interceptus
1059 3740 1107 3785 est.

152 3811 272 3868 scopatus
294 3811 320 3855 et
341 3807 466 3866 abbatias,
491 3820 541 3853 non
563 3805 616 3853 sine
644 3805 694 3853 Res
705 3805 866 3866 apertissima
884 3805 1024 3853 Lundoniae
1036 3811 1108 3867 gesta

152 3877 250 3939 magnis
267 3877 423 3937 muneribus,
440 3877 473 3923 ad
491 3876 615 3923 Nativita·
642 3876 730 3936 negari
763 3889 812 3922 non
844 3876 936 3936 potuit.
988 3876 1107 3923 Summus

151 3951 202 3995 tem
229 3946 331 3995 Sanctae
360 3946 452 3994 Mariae
479 3945 617 3994 celebravit
643 3945 720 3992 honor
742 3945 814 4005 prius
837 3945 932 4006 ubique
955 3944 1058 3993 habitus
1081 3946 1107 3992 in

151 4017 261 4066 solemne
273 4016 408 4065 concilium
425 4016 495 4076 apud
515 4015 615 4063 Lundo-
643 4029 768 4062 summum
796 4014 908 4064 dedecus
941 4029 1030 4063 versus
1059 4018 1106 4063 est.

151 4088 216 4148 nias,
228 4088 273 4135 ubi
289 4101 409 4147 magnum
426 4086 450 4134 ei
468 4085 562 4133 accidit
578 4085 614 4132 in·
643 4085 774 4132 Remeavit
785 4085 864 4145 igitur
874 4086 966 4146 insua,
978 4085 1029 4131 Dei
1037 4083 1108 4145 judi-

150 4156 297 4206 lortuninm.
321 4155 459 4206 Cumenim
471 4157 497 4205 in
509 4155 616 4204 concilio
643 4155 682 4203 cio
693 4154 815 4203 confusus
826 4159 853 4203 et
864 4153 1033 4215 ingloriosus!

200 4271 285 4319 Tou.
303 4270 339 4316 ll.
934 4270 955 4312 G
