2918 4866
304 365 369 430 152
550 378 798 426 conrruunrro
822 374 998 423 enuomcr

306 547 341 604 et
356 537 495 621 quando
522 537 666 613 audivit,
684 535 901 600 vehementer
916 534 994 598 inde
1012 533 1134 597 doluit.
1187 530 1255 595 Sed

307 641 389 722 quia
430 637 670 701 malefactores
700 635 791 712 illos,
825 635 884 718 qui
916 643 1045 697 sanctae
1081 631 1256 695 memoriae

309 739 594 803 cantuariensem
632 736 800 799 Thomam
841 734 1137 816 archiepiscopum
1168 732 1257 795 occi-

309 839 432 903 derunt
454 838 580 901 habere
599 855 667 900 non
684 842 833 919 poterat,
850 842 884 898 et
900 834 982 916 quia
1001 834 1144 897 timebat
1160 832 1257 914 ipsos

309 939 394 1002 illud
411 937 592 1021 profanum
614 956 702 1019 opus
724 935 928 1018 impetrasse
943 953 1049 997 causa
1064 933 1168 997 animi
1184 952 1257 996 mo-

311 1048 367 1102 tus
383 1045 417 1102 et
433 1037 641 1101 turbationis
667 1055 770 1117 qnam
795 1035 830 1097 in
854 1053 895 1097 eo
910 1033 1083 1112 viderant,
1097 1033 1140 1097 de
1157 1034 1258 1098 satis-

311 1139 461 1201 factione
491 1137 562 1200 tale
595 1136 759 1217 praestitit
789 1142 1053 1198 sacramentum.
1117 1133 1140 1198 J
1144 1133 1259 1198 uravit

311 1237 491 1320 imprimis,
510 1235 602 1316 quod
627 1236 671 1298 ab
695 1232 909 1311 Alexandro,
932 1252 1066 1297 summo
1084 1233 1258 1314 pontifice,

313 1346 347 1401 et
381 1339 425 1400 ab
466 1334 646 1399 catholicis
683 1334 940 1397 successoribus
977 1352 1046 1396 non
1085 1331 1259 1396 recederet

313 1435 478 1520 quamdiu
511 1436 623 1516 ipsum
647 1434 737 1498 sicut
761 1453 877 1515 regem
900 1432 1110 1497 catholicum
1132 1433 1260 1496 habue-

315 1535 394 1599 rint.
441 1533 583 1598 Juravit
611 1535 728 1610 etiam,
753 1532 845 1615 qnod
872 1552 984 1614 neque
1008 1533 1260 1615 appellationes

314 1634 493 1718 impediret
509 1654 619 1717 neque
636 1633 801 1715 impedire
818 1634 1044 1715 permitteret,
1056 1634 1140 1715 quin
1154 1633 1261 1696 libere

315 1736 436 1799 fierent
452 1736 486 1798 in
505 1754 611 1816 regno
629 1753 693 1798 suo
711 1734 753 1796 ad
779 1733 975 1796 Romanum
997 1732 1206 1813 pontificem,
1225 1733 1260 1795 in

317 1834 561 1898 ecclesiasticis
582 1834 709 1909 causiS,
731 1832 780 1896 sic
803 1840 932 1909 tamen,
949 1839 988 1896 ut
1011 1833 1041 1894 si
1063 1834 1094 1895 ei
1109 1833 1262 1914 suspecti

318 1936 446 1998 fuerint
471 1935 590 2014 aliqui,
612 1933 835 1997 securitatem
859 1932 999 2008 faciant,
1017 1931 1107 2013 quod
1133 1932 1261 1995 malum

318 2054 417 2097 suum
436 2034 489 2097 vel
504 2033 601 2114 regni
617 2034 671 2095 sui
686 2051 754 2095 non
773 2039 942 2113 qnaerant.
988 2030 1011 2095 J
1015 2032 1130 2095 nravit
1144 2033 1262 2107 etiam,

319 2133 410 2214 quod
440 2134 483 2195 ab
513 2134 666 2195 instante
693 2132 888 2195 Nativitate
918 2131 1059 2195 Domini
1088 2151 1197 2214 usque
1226 2131 1262 2196 in

319 2233 502 2295 triennium
521 2251 657 2295 crucem
677 2233 860 2314 acciperet,
878 2231 914 2292 in
930 2231 1090 2314 proxima
1105 2233 1264 2314 sequenti

319 2337 440 2394 aestate
457 2331 494 2391 in
511 2332 653 2412 propria
669 2350 817 2412 persona
844 2330 1123 2413 Hierosolymam
1139 2332 1264 2408 iturus,

320 2430 386 2492 nisi
401 2431 605 2493 remanserit
618 2450 681 2511 per
697 2428 949 2507 Alexandrum,
966 2451 1136 2494 summum
1150 2431 1264 2512 ponti·

320 2529 430 2605 ficem,
448 2528 502 2591 vel
522 2549 582 2610 per
596 2529 785 2594 catholicos
803 2549 1019 2594 successores
1034 2530 1131 2613 ejus;
1157 2529 1218 2593 sed
1235 2531 1265 2594 si

320 2628 455 2690 interim
493 2637 701 2710 perurgente
738 2631 945 2693 necessitate
980 2631 1017 2692 in
1057 2628 1265 2712 Hispaniam

320 2745 426 2808 super
448 2726 638 2791 Saracenos
656 2729 831 2809 profectus
847 2728 980 2805 fuisset,
996 2736 1163 2811 quantum
1179 2736 1267 2792 tem-

320 2826 415 2905 poris
441 2826 476 2887 in
505 2827 565 2889 illo
600 2828 723 2892 itinere
753 2836 1019 2905 consummaret,
1052 2829 1266 2892 tantumdem

323 2925 653 3007 Hierosolymitauae
699 2929 850 3011 spatium
890 2928 1111 3010 profectionis
1150 2934 1268 3010 posset

322 3023 539 3104 prolongare.
586 3025 760 3091 Praeterea
773 3029 919 3111 juravit,
931 3027 1023 3109 quod
1038 3028 1175 3091 interim
1192 3034 1268 3090 tan·

323 3130 395 3184 tum
412 3124 567 3203 pecuniae
582 3125 681 3189 daret
695 3127 915 3209 Templariis,
933 3134 1102 3209 quantum
1119 3126 1163 3190 ad
1180 3127 1268 3190 arbi-

322 3223 426 3285 trium
452 3223 597 3287 fratrum
623 3226 759 3308 Templi
788 3228 899 3309 possit
929 3226 1085 3290 sufficere
1111 3227 1154 3290 ad
1184 3227 1268 3290 reti·

324 3321 470 3385 neudum
489 3339 542 3386 cc.
570 3324 708 3401 milites,
733 3325 776 3387 ad
806 3325 1037 3390 defensionem
1066 3325 1269 3407 Hierosoly·

323 3421 462 3483 mitanae
474 3429 576 3485 terrae
589 3443 649 3504 per
666 3425 816 3505 spatium
834 3427 937 3489 unius
954 3427 1045 3489 anni.
1092 3425 1270 3489 Praeterea

324 3520 526 3602 perdonavit
541 3521 627 3585 iram
639 3531 673 3586 et
685 3523 961 3588 malevolentiam
980 3545 1078 3588 suam
1096 3526 1268 3602 omnibus,

325 3628 394 3684 tam
414 3621 546 3684 clericis
564 3642 666 3704 quam
691 3622 801 3698 laicis,
819 3624 878 3704 qui
902 3643 964 3706 pro
988 3625 1117 3688 Sancto
1134 3624 1270 3688 Thoma

325 3728 423 3784 erant
444 3720 480 3782 in
498 3721 615 3795 exilio,
634 3729 669 3786 et
692 3724 863 3785 concessit
888 3725 937 3787 eis
963 3723 1069 3788 libere
1084 3733 1118 3788 et
1134 3725 1169 3786 in
1184 3743 1271 3805 pace

325 3821 367 3884 ad
386 3821 526 3902 propria
550 3821 668 3884 redire.
721 3819 744 3884 J
748 3822 862 3885 nravit
885 3825 1001 3900 etiam,
1017 3823 1109 3905 quod
1133 3841 1271 3905 posses·

324 3921 439 3983 siones
471 3919 730 3984 cantuariensis
763 3914 929 4000 ecclesiae,
968 3923 998 3986 si
1034 3942 1111 4005 quae
1145 3923 1272 3986 ablatae

325 4027 435 4096 erant,
459 4019 493 4081 in
517 4020 690 4100 integrum
716 4022 927 4099 restitueret,
945 4023 1035 4086 sicut
1058 4023 1179 4085 habuit
1202 4042 1272 4085 uno

324 4140 414 4183 anno
432 4128 622 4201 antequam
640 4119 829 4202 *praedictus
843 4121 1126 4204 archiepiscopus
1140 4123 1184 4184 ab
1201 4120 1274 4184 An-
