<?xml version="1.0" encoding="UTF-8"?>
<!DOCTYPE html PUBLIC "-//W3C//DTD XHTML 1.0 Transitional//EN"
    "http://www.w3.org/TR/xhtml1/DTD/xhtml1-transitional.dtd">
<html xmlns="http://www.w3.org/1999/xhtml" xml:lang="en" lang="en">
 <head>
  <title>
</title>
<meta http-equiv="Content-Type" content="text/html;charset=utf-8" />
  <meta name='ocr-system' content='tesseract 3.04.00' />
  <meta name='ocr-capabilities' content='ocr_page ocr_carea ocr_par ocr_line ocrx_word'/>
</head>
<body>
  <div class='ocr_page' id='page_1' title='image "./florentiiwigorn02florgoog_0231.png"; bbox 0 0 2918 4866; ppageno 0'>
   <div class='ocr_carea' id='block_1_1' title="bbox 353 380 1070 448">
    <p class='ocr_par' dir='ltr' id='par_1_1' title="bbox 353 380 1070 448">
     <span class='ocr_line' id='line_1_1' title="bbox 353 380 1070 448; baseline 0 -1"><span class='ocrx_word' id='word_1_1' title='bbox 353 381 419 447; x_wconf 75' lang='lat'><strong>204</strong></span> <span class='ocrx_word' id='word_1_2' title='bbox 601 380 864 448; x_wconf 75' lang='lat' dir='ltr'><strong>conrrnuarno</strong></span> <span class='ocrx_word' id='word_1_3' title='bbox 887 396 1070 448; x_wconf 78' lang='lat' dir='ltr'><strong>ennonrcr&#39;</strong></span> 
     </span>
    </p>
   </div>
   <div class='ocr_carea' id='block_1_2' title="bbox 211 556 1307 2054">
    <p class='ocr_par' dir='ltr' id='par_1_2' title="bbox 211 556 1307 2054">
     <span class='ocr_line' id='line_1_2' title="bbox 357 556 1305 641; baseline -0.004 -19"><span class='ocrx_word' id='word_1_4' title='bbox 357 556 582 640; x_wconf 83' lang='lat' dir='ltr'><strong>persolveret,</strong></span> <span class='ocrx_word' id='word_1_5' title='bbox 596 557 698 622; x_wconf 86' lang='lat' dir='ltr'><strong>dictae</strong></span> <span class='ocrx_word' id='word_1_6' title='bbox 713 566 814 622; x_wconf 85' lang='lat' dir='ltr'><strong>terrae</strong></span> <span class='ocrx_word' id='word_1_7' title='bbox 832 557 1016 622; x_wconf 90' lang='lat' dir='ltr'><strong>Eadwardi</strong></span> <span class='ocrx_word' id='word_1_8' title='bbox 1038 564 1206 641; x_wconf 87' lang='lat' dir='ltr'><strong>perpetuo</strong></span> <span class='ocrx_word' id='word_1_9' title='bbox 1230 556 1305 638; x_wconf 81' lang='lat' dir='ltr'><strong>regi</strong></span> 
     </span>
     <span class='ocr_line' id='line_1_3' title="bbox 361 658 1307 741; baseline 0.003 -20"><span class='ocrx_word' id='word_1_10' title='bbox 361 658 517 722; x_wconf 85' lang='lat' dir='ltr'><strong>Franciae</strong></span> <span class='ocrx_word' id='word_1_11' title='bbox 550 665 784 738; x_wconf 83' lang='lat' dir='ltr'><strong>remanerent3</strong></span> <span class='ocrx_word' id='word_1_12' title='bbox 826 666 861 722; x_wconf 93' lang='lat' dir='ltr'><strong>et</strong></span> <span class='ocrx_word' id='word_1_13' title='bbox 886 659 976 741; x_wconf 85' lang='lat' dir='ltr'><strong>-quia</strong></span> <span class='ocrx_word' id='word_1_14' title='bbox 1010 677 1078 722; x_wconf 90' lang='lat' dir='ltr'><strong>una</strong></span> <span class='ocrx_word' id='word_1_15' title='bbox 1112 677 1190 721; x_wconf 89' lang='lat' dir='ltr'><strong>cum</strong></span> <span class='ocrx_word' id='word_1_16' title='bbox 1222 675 1307 738; x_wconf 79' lang='lat' dir='ltr'><strong>rege</strong></span> 
     </span>
     <span class='ocr_line' id='line_1_4' title="bbox 361 757 1306 842; baseline -0.004 -19"><span class='ocrx_word' id='word_1_17' title='bbox 361 759 518 824; x_wconf 85' lang='lat' dir='ltr'><strong>Franciae</strong></span> <span class='ocrx_word' id='word_1_18' title='bbox 556 760 829 842; x_wconf 87' lang='lat' dir='ltr'><strong>proficisceretur</strong></span> <span class='ocrx_word' id='word_1_19' title='bbox 871 761 907 825; x_wconf 92' lang='lat' dir='ltr'><strong>in</strong></span> <span class='ocrx_word' id='word_1_20' title='bbox 943 759 1089 823; x_wconf 81' lang='lat' dir='ltr'><strong>Terram</strong></span> <span class='ocrx_word' id='word_1_21' title='bbox 1128 757 1306 834; x_wconf 83' lang='lat' dir='ltr'><strong>Sanctam,</strong></span> 
     </span>
     <span class='ocr_line' id='line_1_5' title="bbox 360 858 1305 942; baseline -0.002 -20"><span class='ocrx_word' id='word_1_22' title='bbox 360 860 469 923; x_wconf 91' lang='lat' dir='ltr'><strong>eidem</strong></span> <span class='ocrx_word' id='word_1_23' title='bbox 499 861 584 942; x_wconf 86' lang='lat' dir='ltr'><strong>regi,</strong></span> <span class='ocrx_word' id='word_1_24' title='bbox 612 862 712 942; x_wconf 86' lang='lat' dir='ltr'><strong>quasi</strong></span> <span class='ocrx_word' id='word_1_25' title='bbox 743 879 833 924; x_wconf 90' lang='lat' dir='ltr'><strong>unus</strong></span> <span class='ocrx_word' id='word_1_26' title='bbox 861 859 905 924; x_wconf 91' lang='lat' dir='ltr'><strong>de</strong></span> <span class='ocrx_word' id='word_1_27' title='bbox 930 859 1079 942; x_wconf 87' lang='lat' dir='ltr'><strong>propriis</strong></span> <span class='ocrx_word' id='word_1_28' title='bbox 1105 858 1305 935; x_wconf 90' lang='lat' dir='ltr'><strong>baronibus,</strong></span> 
     </span>
     <span class='ocr_line' id='line_1_6' title="bbox 360 957 1306 1043; baseline -0.003 -20"><span class='ocrx_word' id='word_1_29' title='bbox 360 959 506 1024; x_wconf 88' lang='lat' dir='ltr'><strong>fideliter</strong></span> <span class='ocrx_word' id='word_1_30' title='bbox 543 961 852 1043; x_wconf 78' lang='lat' dir='ltr'><strong>obtemperaturus,</strong></span> <span class='ocrx_word' id='word_1_31' title='bbox 926 959 1038 1042; x_wconf 91' lang='lat' dir='ltr'><strong>Super</strong></span> <span class='ocrx_word' id='word_1_32' title='bbox 1085 977 1154 1041; x_wconf 93' lang='lat' dir='ltr'><strong>quo</strong></span> <span class='ocrx_word' id='word_1_33' title='bbox 1196 957 1306 1022; x_wconf 90' lang='lat' dir='ltr'><strong>filium</strong></span> 
     </span>
     <span class='ocr_line' id='line_1_7' title="bbox 360 1058 1306 1142; baseline -0.001 -19"><span class='ocrx_word' id='word_1_34' title='bbox 360 1079 471 1135; x_wconf 86' lang='lat' dir='ltr'><strong>suum,</strong></span> <span class='ocrx_word' id='word_1_35' title='bbox 508 1059 699 1125; x_wconf 90' lang='lat' dir='ltr'><strong>Henricum</strong></span> <span class='ocrx_word' id='word_1_36' title='bbox 737 1062 885 1138; x_wconf 89' lang='lat' dir='ltr'><strong>nomine,</strong></span> <span class='ocrx_word' id='word_1_37' title='bbox 915 1060 1009 1124; x_wconf 90' lang='lat' dir='ltr'><strong>misit</strong></span> <span class='ocrx_word' id='word_1_38' title='bbox 1043 1058 1206 1135; x_wconf 85' lang='lat' dir='ltr'><strong>obsidem,</strong></span> <span class='ocrx_word' id='word_1_39' title='bbox 1246 1058 1306 1142; x_wconf 89' lang='lat' dir='ltr'><strong>qui</strong></span> 
     </span>
     <span class='ocr_line' id='line_1_8' title="bbox 360 1156 1209 1242; baseline 0.001 -20"><span class='ocrx_word' id='word_1_40' title='bbox 360 1161 490 1237; x_wconf 89' lang='lat' dir='ltr'><strong>statim,</strong></span> <span class='ocrx_word' id='word_1_41' title='bbox 506 1180 575 1242; x_wconf 92' lang='lat' dir='ltr'><strong>qua</strong></span> <span class='ocrx_word' id='word_1_42' title='bbox 590 1162 740 1224; x_wconf 89' lang='lat' dir='ltr'><strong>nescitur</strong></span> <span class='ocrx_word' id='word_1_43' title='bbox 755 1161 798 1226; x_wconf 91' lang='lat' dir='ltr'><strong>de</strong></span> <span class='ocrx_word' id='word_1_44' title='bbox 813 1179 929 1236; x_wconf 89' lang='lat' dir='ltr'><strong>causa,</strong></span> <span class='ocrx_word' id='word_1_45' title='bbox 946 1156 1209 1236; x_wconf 85' lang='lat' dir='ltr'><strong>remittebatur.¹</strong></span> 
     </span>
     <span class='ocr_line' id='line_1_9' title="bbox 412 1259 1305 1341; baseline -0.002 -17"><span class='ocrx_word' id='word_1_46' title='bbox 412 1259 546 1325; x_wconf 87' lang='lat' dir='ltr'><strong>Civitas</strong></span> <span class='ocrx_word' id='word_1_47' title='bbox 569 1260 612 1324; x_wconf 91' lang='lat' dir='ltr'><strong>de</strong></span> <span class='ocrx_word' id='word_1_48' title='bbox 629 1260 794 1327; x_wconf 89' lang='lat' dir='ltr'><strong>Nuchera</strong></span> <span class='ocrx_word' id='word_1_49' title='bbox 816 1261 950 1325; x_wconf 89' lang='lat' dir='ltr'><strong>reddita</strong></span> <span class='ocrx_word' id='word_1_50' title='bbox 971 1260 1038 1324; x_wconf 89' lang='lat' dir='ltr'><strong>fuit</strong></span> <span class='ocrx_word' id='word_1_51' title='bbox 1061 1260 1207 1335; x_wconf 86' lang='lat' dir='ltr'><strong>Karoio,</strong></span> <span class='ocrx_word' id='word_1_52' title='bbox 1228 1259 1305 1341; x_wconf 80' lang='lat' dir='ltr'><strong>regi</strong></span> 
     </span>
     <span class='ocr_line' id='line_1_10' title="bbox 359 1353 1305 1449; baseline 0 -25"><span class='ocrx_word' id='word_1_53' title='bbox 359 1360 496 1438; x_wconf 86' lang='lat' dir='ltr'><strong>Siciliae,</strong></span> <span class='ocrx_word' id='word_1_54' title='bbox 524 1361 643 1443; x_wconf 81' lang='lat' dir='ltr'><strong>vigilia</strong></span> <span class='ocrx_word' id='word_1_55' title='bbox 669 1361 788 1427; x_wconf 89' lang='lat' dir='ltr'><strong>Sancti</strong></span> <span class='ocrx_word' id='word_1_56' title='bbox 811 1360 1058 1427; x_wconf 83' lang='lat' dir='ltr'><strong>Bartholomaei</strong></span> <span class='ocrx_word' id='word_1_57' title='bbox 1086 1356 1149 1449; x_wconf 74' lang='lat'><strong>[23</strong></span> <span class='ocrx_word' id='word_1_58' title='bbox 1175 1353 1305 1448; x_wconf 83' lang='lat' dir='ltr'><strong>Aug.].</strong></span> 
     </span>
     <span class='ocr_line' id='line_1_11' title="bbox 361 1456 1306 1543; baseline -0.002 -18"><span class='ocrx_word' id='word_1_59' title='bbox 361 1460 402 1525; x_wconf 95' lang='lat' dir='ltr'><strong>In</strong></span> <span class='ocrx_word' id='word_1_60' title='bbox 435 1481 505 1543; x_wconf 90' lang='lat' dir='ltr'><strong>qua</strong></span> <span class='ocrx_word' id='word_1_61' title='bbox 542 1470 642 1526; x_wconf 89' lang='lat' dir='ltr'><strong>erant</strong></span> <span class='ocrx_word' id='word_1_62' title='bbox 670 1463 745 1526; x_wconf 90' lang='lat' dir='ltr'><strong>neci</strong></span> <span class='ocrx_word' id='word_1_63' title='bbox 778 1461 908 1527; x_wconf 90' lang='lat' dir='ltr'><strong>tradita</strong></span> <span class='ocrx_word' id='word_1_64' title='bbox 937 1456 991 1527; x_wconf 82' lang='grc' dir='ltr'><strong>Πῑ.</strong></span> <span class='ocrx_word' id='word_1_65' title='bbox 1024 1461 1306 1538; x_wconf 75' lang='lat' dir='ltr'><strong>sarracenorum,</strong></span> 
     </span>
     <span class='ocr_line' id='line_1_12' title="bbox 362 1561 1307 1644; baseline 0 -20"><span class='ocrx_word' id='word_1_66' title='bbox 362 1561 495 1644; x_wconf 90' lang='lat' dir='ltr'><strong>reliqua</strong></span> <span class='ocrx_word' id='word_1_67' title='bbox 521 1561 738 1627; x_wconf 90' lang='lat' dir='ltr'><strong>multitudine</strong></span> <span class='ocrx_word' id='word_1_68' title='bbox 768 1563 804 1626; x_wconf 93' lang='lat' dir='ltr'><strong>in</strong></span> <span class='ocrx_word' id='word_1_69' title='bbox 832 1563 973 1627; x_wconf 88' lang='lat' dir='ltr'><strong>civitate</strong></span> <span class='ocrx_word' id='word_1_70' title='bbox 996 1562 1060 1625; x_wconf 91' lang='lat' dir='ltr'><strong>sub</strong></span> <span class='ocrx_word' id='word_1_71' title='bbox 1092 1562 1222 1626; x_wconf 90' lang='lat' dir='ltr'><strong>tributo</strong></span> <span class='ocrx_word' id='word_1_72' title='bbox 1251 1581 1307 1624; x_wconf 88' lang='lat' dir='ltr'><strong>re-</strong></span> 
     </span>
     <span class='ocr_line' id='line_1_13' title="bbox 362 1661 1306 1728; baseline 0 -2"><span class='ocrx_word' id='word_1_73' title='bbox 362 1671 535 1727; x_wconf 88' lang='lat' dir='ltr'><strong>manente.</strong></span> <span class='ocrx_word' id='word_1_74' title='bbox 588 1663 778 1728; x_wconf 84' lang='lat' dir='ltr'><strong>Justitiarii</strong></span> <span class='ocrx_word' id='word_1_75' title='bbox 805 1663 1007 1727; x_wconf 87' lang='lat' dir='ltr'><strong>itinerantes</strong></span> <span class='ocrx_word' id='word_1_76' title='bbox 1040 1663 1076 1726; x_wconf 92' lang='lat' dir='ltr'><strong>in</strong></span> <span class='ocrx_word' id='word_1_77' title='bbox 1102 1661 1240 1727; x_wconf 83' lang='lat' dir='ltr'><strong>Noriol.</strong></span> <span class='ocrx_word' id='word_1_78' title='bbox 1269 1667 1306 1726; x_wconf 92' lang='lat' dir='ltr'><strong>et</strong></span> 
     </span>
     <span class='ocr_line' id='line_1_14' title="bbox 362 1761 1305 1839; baseline 0 -13"><span class='ocrx_word' id='word_1_79' title='bbox 362 1763 481 1827; x_wconf 84' lang='lat' dir='ltr'><strong>Suffol.</strong></span> <span class='ocrx_word' id='word_1_80' title='bbox 505 1764 644 1828; x_wconf 85' lang='lat' dir='ltr'><strong>fuerunt</strong></span> <span class='ocrx_word' id='word_1_81' title='bbox 660 1763 852 1827; x_wconf 91' lang='lat' dir='ltr'><strong>Nicholaus</strong></span> <span class='ocrx_word' id='word_1_82' title='bbox 872 1764 915 1828; x_wconf 92' lang='lat' dir='ltr'><strong>de</strong></span> <span class='ocrx_word' id='word_1_83' title='bbox 930 1762 1045 1839; x_wconf 86' lang='lat' dir='ltr'><strong>Turri,</strong></span> <span class='ocrx_word' id='word_1_84' title='bbox 1064 1762 1239 1826; x_wconf 89' lang='lat' dir='ltr'><strong>Henricus</strong></span> <span class='ocrx_word' id='word_1_85' title='bbox 1261 1761 1305 1826; x_wconf 87' lang='lat' dir='ltr'><strong>de</strong></span> 
     </span>
     <span class='ocr_line' id='line_1_15' title="bbox 364 1863 1127 1941; baseline 0.001 -13"><span class='ocrx_word' id='word_1_86' title='bbox 364 1863 595 1941; x_wconf 85' lang='lat' dir='ltr'><strong>Monte-forti,</strong></span> <span class='ocrx_word' id='word_1_87' title='bbox 614 1873 649 1928; x_wconf 91' lang='lat' dir='ltr'><strong>et</strong></span> <span class='ocrx_word' id='word_1_88' title='bbox 665 1865 841 1929; x_wconf 90' lang='lat' dir='ltr'><strong>Henricus</strong></span> <span class='ocrx_word' id='word_1_89' title='bbox 857 1864 899 1929; x_wconf 85' lang='lat' dir='ltr'><strong>dc</strong></span> <span class='ocrx_word' id='word_1_90' title='bbox 914 1863 1127 1929; x_wconf 89' lang='lat' dir='ltr'><strong>Wihamton.</strong></span> 
     </span>
     <span class='ocr_line' id='line_1_16' title="bbox 211 1957 1304 2054; baseline -0.004 -24"><span class='ocrx_word' id='word_1_91' title='bbox 211 1979 338 2023; x_wconf 58' lang='grc'><strong>0000.</strong></span> <span class='ocrx_word' id='word_1_92' title='bbox 412 1963 544 2046; x_wconf 86' lang='lat' dir='ltr'><strong>Vigilia</strong></span> <span class='ocrx_word' id='word_1_93' title='bbox 576 1972 610 2028; x_wconf 90' lang='lat' dir='ltr'><strong>et</strong></span> <span class='ocrx_word' id='word_1_94' title='bbox 640 1965 696 2028; x_wconf 92' lang='lat' dir='ltr'><strong>die</strong></span> <span class='ocrx_word' id='word_1_95' title='bbox 727 1964 925 2029; x_wconf 87' lang='lat' dir='ltr'><strong>Palmarum</strong></span> <span class='ocrx_word' id='word_1_96' title='bbox 954 1961 1005 2054; x_wconf 79' lang='lat'><strong>[5.</strong></span> <span class='ocrx_word' id='word_1_97' title='bbox 1028 1964 1051 2027; x_wconf 91' lang='grc'><strong>6</strong></span> <span class='ocrx_word' id='word_1_98' title='bbox 1077 1957 1185 2052; x_wconf 67' lang='lat' dir='ltr'><strong>Apa]</strong></span> <span class='ocrx_word' id='word_1_99' title='bbox 1220 1982 1304 2027; x_wconf 89' lang='lat' dir='ltr'><strong>con-</strong></span> 
     </span>
    </p>
   </div>
   <div class='ocr_carea' id='block_1_3' title="bbox 197 2046 1305 2149">
    <p class='ocr_par' dir='ltr' id='par_1_3' title="bbox 197 2046 1305 2149">
     <span class='ocr_line' id='line_1_17' title="bbox 197 2046 1305 2149; baseline -0.002 -19"><span class='ocrx_word' id='word_1_100' title='bbox 197 2046 329 2136; x_wconf 60' lang='lat' dir='ltr'><strong>ffl&#39;r&#39;e&#39;n</strong></span> <span class='ocrx_word' id='word_1_101' title='bbox 361 2065 578 2130; x_wconf 88' lang='lat' dir='ltr'><strong>venientibus</strong></span> <span class='ocrx_word' id='word_1_102' title='bbox 595 2064 799 2129; x_wconf 84' lang='lat' dir='ltr'><strong>Christianis</strong></span> <span class='ocrx_word' id='word_1_103' title='bbox 821 2073 857 2130; x_wconf 89' lang='lat' dir='ltr'><strong>et</strong></span> <span class='ocrx_word' id='word_1_104' title='bbox 874 2064 1019 2149; x_wconf 84' lang='lat' dir='ltr'><strong>paganis</strong></span> <span class='ocrx_word' id='word_1_105' title='bbox 1041 2065 1130 2128; x_wconf 88' lang='lat' dir='ltr'><strong>inter</strong></span> <span class='ocrx_word' id='word_1_106' title='bbox 1146 2063 1248 2128; x_wconf 90' lang='lat' dir='ltr'><strong>Acon</strong></span> <span class='ocrx_word' id='word_1_107' title='bbox 1270 2071 1305 2129; x_wconf 91' lang='lat' dir='ltr'><strong>et</strong></span> 
     </span>
    </p>
   </div>
   <div class='ocr_carea' id='block_1_4' title="bbox 197 2147 1306 2951">
    <p class='ocr_par' dir='ltr' id='par_1_4' title="bbox 198 2147 1306 2852">
     <span class='ocr_line' id='line_1_18' title="bbox 198 2147 1303 2249; baseline 0 -22"><span class='ocrx_word' id='word_1_108' title='bbox 198 2147 314 2237; x_wconf 66' lang='lat' dir='ltr'><strong>{¹1‘.⁰,ff,¹²¹¹⁸&#39;</strong></span> <span class='ocrx_word' id='word_1_109' title='bbox 365 2164 535 2247; x_wconf 89' lang='lat' dir='ltr'><strong>Saphran‚</strong></span> <span class='ocrx_word' id='word_1_110' title='bbox 568 2166 666 2229; x_wconf 84' lang='lat' dir='ltr'><strong>caesis</strong></span> <span class='ocrx_word' id='word_1_111' title='bbox 697 2166 806 2249; x_wconf 87' lang='lat' dir='ltr'><strong>primo</strong></span> <span class='ocrx_word' id='word_1_112' title='bbox 838 2174 917 2230; x_wconf 91' lang='lat' dir='ltr'><strong>octo</strong></span> <span class='ocrx_word' id='word_1_113' title='bbox 942 2161 1146 2242; x_wconf 57' lang='lat' dir='ltr'><strong>admiratis?</strong></span> <span class='ocrx_word' id='word_1_114' title='bbox 1168 2183 1303 2230; x_wconf 86' lang='lat' dir='ltr'><strong>necnon</strong></span> 
     </span>
     <span class='ocr_line' id='line_1_19' title="bbox 361 2265 1305 2346; baseline 0.001 -19"><span class='ocrx_word' id='word_1_115' title='bbox 361 2283 576 2346; x_wconf 81' lang='lat' dir='ltr'><strong>paganorum</strong></span> <span class='ocrx_word' id='word_1_116' title='bbox 607 2281 713 2331; x_wconf 79' lang='lat' dir='ltr'><strong>xviri.</strong></span> <span class='ocrx_word' id='word_1_117' title='bbox 747 2267 898 2344; x_wconf 78' lang='lat' dir='ltr'><strong>aciebuS,</strong></span> <span class='ocrx_word' id='word_1_118' title='bbox 932 2285 1001 2329; x_wconf 92' lang='lat' dir='ltr'><strong>non</strong></span> <span class='ocrx_word' id='word_1_119' title='bbox 1043 2265 1117 2328; x_wconf 87' lang='lat' dir='ltr'><strong>sine</strong></span> <span class='ocrx_word' id='word_1_120' title='bbox 1151 2265 1305 2328; x_wconf 83' lang='lat' dir='ltr'><strong>maxima</strong></span> 
     </span>
     <span class='ocr_line' id='line_1_20' title="bbox 359 2365 1306 2448; baseline 0.004 -22"><span class='ocrx_word' id='word_1_121' title='bbox 359 2383 499 2428; x_wconf 87' lang='lat' dir='ltr'><strong>suorum</strong></span> <span class='ocrx_word' id='word_1_122' title='bbox 531 2366 725 2443; x_wconf 89' lang='lat' dir='ltr'><strong>amissione,</strong></span> <span class='ocrx_word' id='word_1_123' title='bbox 756 2368 903 2431; x_wconf 88' lang='lat' dir='ltr'><strong>victoria</strong></span> <span class='ocrx_word' id='word_1_124' title='bbox 937 2373 1052 2429; x_wconf 89' lang='lat' dir='ltr'><strong>tamen</strong></span> <span class='ocrx_word' id='word_1_125' title='bbox 1086 2365 1189 2448; x_wconf 90' lang='lat' dir='ltr'><strong>potiti</strong></span> <span class='ocrx_word' id='word_1_126' title='bbox 1223 2371 1306 2430; x_wconf 90' lang='lat' dir='ltr'><strong>sunt</strong></span> 
     </span>
     <span class='ocr_line' id='line_1_21' title="bbox 359 2465 1305 2547; baseline 0.001 -19"><span class='ocrx_word' id='word_1_127' title='bbox 359 2467 501 2547; x_wconf 85' lang='lat' dir='ltr'><strong>pagani.</strong></span> <span class='ocrx_word' id='word_1_128' title='bbox 552 2465 643 2530; x_wconf 84' lang='lat' dir='ltr'><strong>Caesi</strong></span> <span class='ocrx_word' id='word_1_129' title='bbox 670 2474 753 2532; x_wconf 90' lang='lat' dir='ltr'><strong>sunt</strong></span> <span class='ocrx_word' id='word_1_130' title='bbox 778 2466 967 2531; x_wconf 85' lang='lat' dir='ltr'><strong>Christiani</strong></span> <span class='ocrx_word' id='word_1_131' title='bbox 994 2465 1169 2546; x_wconf 88' lang='lat' dir='ltr'><strong>usquead</strong></span> <span class='ocrx_word' id='word_1_132' title='bbox 1195 2465 1305 2530; x_wconf 92' lang='lat' dir='ltr'><strong>inter·</strong></span> 
     </span>
     <span class='ocr_line' id='line_1_22' title="bbox 368 2565 1305 2651; baseline 0.001 -24"><span class='ocrx_word' id='word_1_133' title='bbox 368 2567 557 2645; x_wconf 88' lang='lat' dir='ltr'><strong>necionem,</strong></span> <span class='ocrx_word' id='word_1_134' title='bbox 573 2574 608 2630; x_wconf 91' lang='lat' dir='ltr'><strong>et</strong></span> <span class='ocrx_word' id='word_1_135' title='bbox 628 2566 693 2631; x_wconf 94' lang='lat' dir='ltr'><strong>hoc</strong></span> <span class='ocrx_word' id='word_1_136' title='bbox 708 2589 770 2651; x_wconf 92' lang='lat' dir='ltr'><strong>per</strong></span> <span class='ocrx_word' id='word_1_137' title='bbox 795 2567 998 2632; x_wconf 89' lang='lat' dir='ltr'><strong>seditionem</strong></span> <span class='ocrx_word' id='word_1_138' title='bbox 1015 2565 1305 2648; x_wconf 88' lang='lat' dir='ltr'><strong>Templariorum,</strong></span> 
     </span>
     <span class='ocr_line' id='line_1_23' title="bbox 364 2665 1305 2745; baseline 0.003 -17"><span class='ocrx_word' id='word_1_139' title='bbox 364 2667 421 2730; x_wconf 90' lang='lat' dir='ltr'><strong>ubi</strong></span> <span class='ocrx_word' id='word_1_140' title='bbox 435 2666 538 2731; x_wconf 91' lang='lat' dir='ltr'><strong>etiam</strong></span> <span class='ocrx_word' id='word_1_141' title='bbox 558 2668 680 2733; x_wconf 91' lang='lat' dir='ltr'><strong>cecidit</strong></span> <span class='ocrx_word' id='word_1_142' title='bbox 701 2669 765 2733; x_wconf 86' lang='lat' dir='ltr'><strong>fios</strong></span> <span class='ocrx_word' id='word_1_143' title='bbox 783 2668 926 2745; x_wconf 85' lang='lat' dir='ltr'><strong>militiae,</strong></span> <span class='ocrx_word' id='word_1_144' title='bbox 941 2666 1049 2731; x_wconf 85' lang='lat' dir='ltr'><strong>frater</strong></span> <span class='ocrx_word' id='word_1_145' title='bbox 1063 2666 1087 2730; x_wconf 84' lang='lat' dir='ltr'>J</span> <span class='ocrx_word' id='word_1_146' title='bbox 1089 2665 1244 2731; x_wconf 89' lang='lat' dir='ltr'><strong>ohannes</strong></span> <span class='ocrx_word' id='word_1_147' title='bbox 1262 2666 1305 2731; x_wconf 92' lang='lat' dir='ltr'><strong>de</strong></span> 
     </span>
     <span class='ocr_line' id='line_1_24' title="bbox 360 2765 785 2852; baseline 0.007 -22"><span class='ocrx_word' id='word_1_148' title='bbox 360 2765 526 2831; x_wconf 86' lang='lat' dir='ltr'><strong>Merlawe</strong></span> <span class='ocrx_word' id='word_1_149' title='bbox 541 2766 582 2832; x_wconf 91' lang='lat' dir='ltr'><strong>de</strong></span> <span class='ocrx_word' id='word_1_150' title='bbox 599 2766 785 2852; x_wconf 89' lang='lat' dir='ltr'><strong>Hospitali.</strong></span> 
     </span>
    </p>

    <p class='ocr_par' dir='ltr' id='par_1_5' title="bbox 197 2865 1305 2951">
     <span class='ocr_line' id='line_1_25' title="bbox 197 2865 1305 2951; baseline 0.002 -21"><span class='ocrx_word' id='word_1_151' title='bbox 197 2879 265 2919; x_wconf 72' lang='lat' dir='ltr'><strong>Levis</strong></span> <span class='ocrx_word' id='word_1_152' title='bbox 276 2880 314 2919; x_wconf 75' lang='lat' dir='ltr'><strong>1x·</strong></span> <span class='ocrx_word' id='word_1_153' title='bbox 415 2867 632 2946; x_wconf 85' lang='lat' dir='ltr'><strong>Lodowicus,</strong></span> <span class='ocrx_word' id='word_1_154' title='bbox 656 2890 720 2933; x_wconf 87' lang='lat' dir='ltr'><strong>rex</strong></span> <span class='ocrx_word' id='word_1_155' title='bbox 750 2868 918 2946; x_wconf 86' lang='lat' dir='ltr'><strong>Franciae,</strong></span> <span class='ocrx_word' id='word_1_156' title='bbox 945 2884 1035 2934; x_wconf 83' lang='lat' dir='ltr'><strong>xvir.</strong></span> <span class='ocrx_word' id='word_1_157' title='bbox 1068 2867 1138 2932; x_wconf 89' lang='lat' dir='ltr'><strong>kal.</strong></span> <span class='ocrx_word' id='word_1_158' title='bbox 1170 2865 1305 2951; x_wconf 85' lang='lat' dir='ltr'><strong>Aprilis</strong></span> 
     </span>
    </p>
   </div>
   <div class='ocr_carea' id='block_1_5' title="bbox 198 2931 323 2980">
    <p class='ocr_par' dir='ltr' id='par_1_6' title="bbox 198 2931 323 2980">
     <span class='ocr_line' id='line_1_26' title="bbox 198 2931 323 2980; baseline 0.016 -12"><span class='ocrx_word' id='word_1_159' title='bbox 198 2931 282 2980; x_wconf 82' lang='lat' dir='ltr'><strong>departs</strong></span> <span class='ocrx_word' id='word_1_160' title='bbox 291 2932 323 2970; x_wconf 78' lang='lat' dir='ltr'><strong>ror</strong></span> 
     </span>
    </p>
   </div>
   <div class='ocr_carea' id='block_1_6' title="bbox 198 2961 1305 3070">
    <p class='ocr_par' dir='ltr' id='par_1_7' title="bbox 198 2961 1305 3070">
     <span class='ocr_line' id='line_1_27' title="bbox 198 2961 1305 3070; baseline 0.003 -41"><span class='ocrx_word' id='word_1_161' title='bbox 198 2981 300 3070; x_wconf 59' lang='lat' dir='ltr'><strong>ffigou</strong></span> <span class='ocrx_word' id='word_1_162' title='bbox 364 2961 427 3054; x_wconf 83' lang='lat'><strong>[16</strong></span> <span class='ocrx_word' id='word_1_163' title='bbox 444 2962 555 3056; x_wconf 77' lang='lat' dir='ltr'><strong>Man]</strong></span> <span class='ocrx_word' id='word_1_164' title='bbox 580 2970 647 3034; x_wconf 85' lang='lat' dir='ltr'><strong>iter</strong></span> <span class='ocrx_word' id='word_1_165' title='bbox 671 2969 816 3052; x_wconf 89' lang='lat' dir='ltr'><strong>arripuit</strong></span> <span class='ocrx_word' id='word_1_166' title='bbox 838 2989 958 3033; x_wconf 89' lang='lat' dir='ltr'><strong>versus</strong></span> <span class='ocrx_word' id='word_1_167' title='bbox 982 2977 1109 3033; x_wconf 85' lang='lat' dir='ltr'><strong>terram</strong></span> <span class='ocrx_word' id='word_1_168' title='bbox 1137 2967 1305 3032; x_wconf 90' lang='lat' dir='ltr'><strong>Hieroso-</strong></span> 
     </span>
    </p>
   </div>
   <div class='ocr_carea' id='block_1_7' title="bbox 198 3064 1305 3250">
    <p class='ocr_par' dir='ltr' id='par_1_8' title="bbox 198 3064 1305 3250">
     <span class='ocr_line' id='line_1_28' title="bbox 198 3064 1304 3180; baseline 0.005 -53"><span class='ocrx_word' id='word_1_169' title='bbox 198 3081 336 3180; x_wconf 56' lang='lat' dir='ltr'><strong>ffiljse</strong></span> <span class='ocrx_word' id='word_1_170' title='bbox 362 3067 585 3150; x_wconf 79' lang='lat' dir='ltr'><strong>lymitanam3</strong></span> <span class='ocrx_word' id='word_1_171' title='bbox 624 3070 683 3151; x_wconf 92' lang='lat' dir='ltr'><strong>qui</strong></span> <span class='ocrx_word' id='word_1_172' title='bbox 716 3070 770 3134; x_wconf 89' lang='lat' dir='ltr'><strong>die</strong></span> <span class='ocrx_word' id='word_1_173' title='bbox 798 3070 831 3133; x_wconf 91' lang='lat' dir='ltr'><strong>S.</strong></span> <span class='ocrx_word' id='word_1_174' title='bbox 855 3070 981 3134; x_wconf 86' lang='lat' dir='ltr'><strong>Jacobi</strong></span> <span class='ocrx_word' id='word_1_175' title='bbox 1006 3065 1068 3159; x_wconf 76' lang='lat'><strong>[25</strong></span> <span class='ocrx_word' id='word_1_176' title='bbox 1091 3064 1183 3158; x_wconf 85' lang='lat' dir='ltr'><strong>Jul.]</strong></span> <span class='ocrx_word' id='word_1_177' title='bbox 1211 3068 1304 3152; x_wconf 93' lang='lat' dir='ltr'><strong>apud</strong></span> 
     </span>
     <span class='ocr_line' id='line_1_29' title="bbox 199 3167 1305 3250; baseline 0.005 -21"><span class='ocrx_word' id='word_1_178' title='bbox 199 3182 288 3223; x_wconf 76' lang='lat' dir='ltr'><strong>Mortes·</strong></span> <span class='ocrx_word' id='word_1_179' title='bbox 363 3167 500 3250; x_wconf 87' lang='lat' dir='ltr'><strong>Aquam</strong></span> <span class='ocrx_word' id='word_1_180' title='bbox 513 3170 690 3235; x_wconf 89' lang='lat' dir='ltr'><strong>Mortuam</strong></span> <span class='ocrx_word' id='word_1_181' title='bbox 709 3170 795 3234; x_wconf 89' lang='lat' dir='ltr'><strong>mari</strong></span> <span class='ocrx_word' id='word_1_182' title='bbox 810 3191 847 3234; x_wconf 91' lang='lat' dir='ltr'><strong>se</strong></span> <span class='ocrx_word' id='word_1_183' title='bbox 859 3170 1030 3236; x_wconf 89' lang='lat' dir='ltr'><strong>commisit</strong></span> <span class='ocrx_word' id='word_1_184' title='bbox 1040 3169 1305 3234; x_wconf 88' lang='lat' dir='ltr'><strong>Mediterraneo.</strong></span> 
     </span>
    </p>
   </div>
   <div class='ocr_carea' id='block_1_8' title="bbox 198 3265 1305 3358">
    <p class='ocr_par' dir='ltr' id='par_1_9' title="bbox 198 3265 1305 3358">
     <span class='ocr_line' id='line_1_30' title="bbox 198 3265 1305 3358; baseline 0.004 -28"><span class='ocrx_word' id='word_1_185' title='bbox 198 3279 318 3322; x_wconf 76' lang='lat' dir='ltr'><strong>Murderor</strong></span> <span class='ocrx_word' id='word_1_186' title='bbox 365 3267 408 3332; x_wconf 93' lang='lat' dir='ltr'><strong>In</strong></span> <span class='ocrx_word' id='word_1_187' title='bbox 435 3278 549 3334; x_wconf 92' lang='lat' dir='ltr'><strong>octav.</strong></span> <span class='ocrx_word' id='word_1_188' title='bbox 575 3271 611 3334; x_wconf 88' lang='lat' dir='ltr'><strong>S.</strong></span> <span class='ocrx_word' id='word_1_189' title='bbox 634 3270 805 3334; x_wconf 85' lang='lat' dir='ltr'><strong>Johannis</strong></span> <span class='ocrx_word' id='word_1_190' title='bbox 826 3265 866 3358; x_wconf 91' lang='lat'><strong>[1</strong></span> <span class='ocrx_word' id='word_1_191' title='bbox 882 3265 974 3358; x_wconf 72' lang='lat' dir='ltr'><strong>sut]</strong></span> <span class='ocrx_word' id='word_1_192' title='bbox 999 3289 1114 3334; x_wconf 88' lang='lat' dir='ltr'><strong>comes</strong></span> <span class='ocrx_word' id='word_1_193' title='bbox 1130 3269 1305 3334; x_wconf 89' lang='lat' dir='ltr'><strong>Warrenn</strong></span> 
     </span>
    </p>
   </div>
   <div class='ocr_carea' id='block_1_9' title="bbox 198 3331 1306 3448">
    <p class='ocr_par' dir='ltr' id='par_1_10' title="bbox 198 3331 1306 3448">
     <span class='ocr_line' id='line_1_31' title="bbox 198 3331 1306 3448; baseline 0.006 -21"><span class='ocrx_word' id='word_1_194' title='bbox 198 3331 284 3420; x_wconf 52' lang='lat' dir='ltr'><strong>3332}ss</strong></span> <span class='ocrx_word' id='word_1_195' title='bbox 291 3382 317 3429; x_wconf 76' lang='lat' dir='ltr'><strong>br</strong></span> <span class='ocrx_word' id='word_1_196' title='bbox 364 3368 528 3433; x_wconf 88' lang='lat' dir='ltr'><strong>insultum</strong></span> <span class='ocrx_word' id='word_1_197' title='bbox 546 3370 675 3434; x_wconf 90' lang='lat' dir='ltr'><strong>saciens</strong></span> <span class='ocrx_word' id='word_1_198' title='bbox 690 3371 725 3432; x_wconf 95' lang='lat' dir='ltr'><strong>in</strong></span> <span class='ocrx_word' id='word_1_199' title='bbox 738 3370 912 3434; x_wconf 91' lang='lat' dir='ltr'><strong>dominum</strong></span> <span class='ocrx_word' id='word_1_200' title='bbox 924 3369 1075 3434; x_wconf 86' lang='lat' dir='ltr'><strong>Alanum</strong></span> <span class='ocrx_word' id='word_1_201' title='bbox 1088 3369 1123 3433; x_wconf 91' lang='lat' dir='ltr'><strong>la</strong></span> <span class='ocrx_word' id='word_1_202' title='bbox 1134 3370 1257 3448; x_wconf 88' lang='lat' dir='ltr'><strong>Suche,</strong></span> <span class='ocrx_word' id='word_1_203' title='bbox 1270 3370 1306 3434; x_wconf 89' lang='lat' dir='ltr'><strong>in</strong></span> 
     </span>
    </p>
   </div>
   <div class='ocr_carea' id='block_1_10' title="bbox 198 3430 1357 3858">
    <p class='ocr_par' dir='ltr' id='par_1_11' title="bbox 198 3430 1357 3858">
     <span class='ocr_line' id='line_1_32' title="bbox 198 3430 1305 3553; baseline 0.014 -35"><span class='ocrx_word' id='word_1_204' title='bbox 198 3430 321 3521; x_wconf 50' lang='lat' dir='ltr'><strong>ibririss&#39;iff</strong></span> <span class='ocrx_word' id='word_1_205' title='bbox 365 3468 446 3531; x_wconf 87' lang='lat' dir='ltr'><strong>aula</strong></span> <span class='ocrx_word' id='word_1_206' title='bbox 457 3468 832 3546; x_wconf 80' lang='lat' dir='ltr'><strong>westmonasteriensi,</strong></span> <span class='ocrx_word' id='word_1_207' title='bbox 846 3471 889 3534; x_wconf 90' lang='lat' dir='ltr'><strong>ad</strong></span> <span class='ocrx_word' id='word_1_208' title='bbox 905 3472 1053 3534; x_wconf 91' lang='lat' dir='ltr'><strong>bancum</strong></span> <span class='ocrx_word' id='word_1_209' title='bbox 1070 3490 1187 3534; x_wconf 91' lang='lat' dir='ltr'><strong>coram</strong></span> <span class='ocrx_word' id='word_1_210' title='bbox 1198 3469 1305 3553; x_wconf 91' lang='lat' dir='ltr'><strong>justi·</strong></span> 
     </span>
     <span class='ocr_line' id='line_1_33' title="bbox 365 3567 1357 3653; baseline 0.001 -23"><span class='ocrx_word' id='word_1_211' title='bbox 365 3567 597 3651; x_wconf 89' lang='lat' dir='ltr'><strong>tiario,ipsum</strong></span> <span class='ocrx_word' id='word_1_212' title='bbox 609 3569 743 3651; x_wconf 90' lang='lat' dir='ltr'><strong>quidem</strong></span> <span class='ocrx_word' id='word_1_213' title='bbox 757 3569 1158 3649; x_wconf 80' lang='lat' dir='ltr'><strong>crudelitervulneravit3</strong></span> <span class='ocrx_word' id='word_1_214' title='bbox 1178 3571 1238 3653; x_wconf 93' lang='lat' dir='ltr'><strong>qui</strong></span> <span class='ocrx_word' id='word_1_215' title='bbox 1250 3570 1306 3636; x_wconf 91' lang='lat' dir='ltr'><strong>die</strong></span> <span class='ocrx_word' id='word_1_216' title='bbox 1354 3626 1357 3631; x_wconf 87' lang='lat'><strong>.</strong></span> 
     </span>
     <span class='ocr_line' id='line_1_34' title="bbox 363 3664 1305 3758; baseline 0.006 -28"><span class='ocrx_word' id='word_1_217' title='bbox 363 3666 398 3730; x_wconf 91' lang='lat' dir='ltr'><strong>S.</strong></span> <span class='ocrx_word' id='word_1_218' title='bbox 417 3666 594 3732; x_wconf 88' lang='lat' dir='ltr'><strong>Laurentii</strong></span> <span class='ocrx_word' id='word_1_219' title='bbox 615 3665 676 3758; x_wconf 84' lang='lat'><strong>[10</strong></span> <span class='ocrx_word' id='word_1_220' title='bbox 691 3664 806 3758; x_wconf 83' lang='lat' dir='ltr'><strong>Aug.]</strong></span> <span class='ocrx_word' id='word_1_221' title='bbox 831 3670 921 3735; x_wconf 91' lang='lat' dir='ltr'><strong>diem</strong></span> <span class='ocrx_word' id='word_1_222' title='bbox 944 3671 1070 3735; x_wconf 86' lang='lat' dir='ltr'><strong>clausit</strong></span> <span class='ocrx_word' id='word_1_223' title='bbox 1099 3678 1305 3736; x_wconf 84' lang='lat' dir='ltr'><strong>extremum.</strong></span> 
     </span>
     <span class='ocr_line' id='line_1_35' title="bbox 365 3766 1306 3858; baseline 0.007 -29"><span class='ocrx_word' id='word_1_224' title='bbox 365 3766 473 3831; x_wconf 88' lang='lat' dir='ltr'><strong>Filius</strong></span> <span class='ocrx_word' id='word_1_225' title='bbox 492 3789 573 3858; x_wconf 77' lang='lat' dir='ltr'><strong>uero</strong></span> <span class='ocrx_word' id='word_1_226' title='bbox 590 3771 665 3852; x_wconf 92' lang='lat' dir='ltr'><strong>ejus</strong></span> <span class='ocrx_word' id='word_1_227' title='bbox 683 3770 933 3853; x_wconf 85' lang='lat' dir='ltr'><strong>primogenitus</strong></span> <span class='ocrx_word' id='word_1_228' title='bbox 952 3771 1113 3854; x_wconf 85' lang='lat' dir='ltr'><strong>Rogems</strong></span> <span class='ocrx_word' id='word_1_229' title='bbox 1134 3771 1218 3852; x_wconf 81' lang='lat' dir='ltr'><strong>suga</strong></span> <span class='ocrx_word' id='word_1_230' title='bbox 1239 3773 1306 3836; x_wconf 92' lang='lat' dir='ltr'><strong>sibi</strong></span> 
     </span>
    </p>
   </div>
   <div class='ocr_carea' id='block_1_11' title="bbox 360 3869 1306 4114">
    <p class='ocr_par' dir='ltr' id='par_1_12' title="bbox 360 3869 1306 4114">
     <span class='ocr_line' id='line_1_36' title="bbox 360 3869 1306 3949; baseline 0.004 -17"><span class='ocrx_word' id='word_1_231' title='bbox 360 3870 555 3946; x_wconf 87' lang='lat' dir='ltr'><strong>consulens,</strong></span> <span class='ocrx_word' id='word_1_232' title='bbox 591 3871 650 3934; x_wconf 88' lang='lat' dir='ltr'><strong>vix</strong></span> <span class='ocrx_word' id='word_1_233' title='bbox 671 3877 786 3934; x_wconf 91' lang='lat' dir='ltr'><strong>tamen</strong></span> <span class='ocrx_word' id='word_1_234' title='bbox 816 3872 937 3937; x_wconf 88' lang='lat' dir='ltr'><strong>evasit.</strong></span> <span class='ocrx_word' id='word_1_235' title='bbox 1005 3869 1182 3949; x_wconf 86' lang='lat' dir='ltr'><strong>Alienora,</strong></span> <span class='ocrx_word' id='word_1_236' title='bbox 1214 3892 1306 3936; x_wconf 84' lang='lat' dir='ltr'><strong>uxor</strong></span> 
     </span>
     <span class='ocr_line' id='line_1_37' title="bbox 394 4042 1306 4114; baseline 0.009 -18"><span class='ocrx_word' id='word_1_237' title='bbox 394 4042 402 4074; x_wconf 93' lang='lat'>¹</span> <span class='ocrx_word' id='word_1_238' title='bbox 416 4047 586 4104; x_wconf 82' lang='lat' dir='ltr'><strong>Quistctim..</strong></span> <span class='ocrx_word' id='word_1_239' title='bbox 596 4084 602 4097; x_wconf 94' lang='lat'><strong>.</strong></span> <span class='ocrx_word' id='word_1_240' title='bbox 613 4086 619 4099; x_wconf 95' lang='lat'><strong>.</strong></span> <span class='ocrx_word' id='word_1_241' title='bbox 629 4049 817 4114; x_wconf 68' lang='lat' dir='ltr'><strong>remittebatur]</strong></span> <span class='ocrx_word' id='word_1_242' title='bbox 880 4046 890 4075; x_wconf 76' lang='lat'>²</span> <span class='ocrx_word' id='word_1_243' title='bbox 906 4051 1067 4114; x_wconf 76' lang='lat' dir='ltr'><strong>Admiratis]</strong></span> <span class='ocrx_word' id='word_1_244' title='bbox 1089 4051 1156 4100; x_wconf 85' lang='lat' dir='ltr'><strong>That</strong></span> <span class='ocrx_word' id='word_1_245' title='bbox 1171 4052 1193 4101; x_wconf 85' lang='lat' dir='ltr'><strong>is</strong></span> <span class='ocrx_word' id='word_1_246' title='bbox 1206 4067 1306 4104; x_wconf 78' lang='lat' dir='ltr'><strong>umeers.</strong></span> 
     </span>
    </p>
   </div>
   <div class='ocr_carea' id='block_1_12' title="bbox 356 4119 1293 4252">
    <p class='ocr_par' dir='ltr' id='par_1_13' title="bbox 356 4119 1293 4252">
     <span class='ocr_line' id='line_1_38' title="bbox 357 4119 1293 4186; baseline 0.002 -16"><span class='ocrx_word' id='word_1_247' title='bbox 357 4119 440 4170; x_wconf 83' lang='lat' dir='ltr'><strong>Quem</strong></span> <span class='ocrx_word' id='word_1_248' title='bbox 456 4121 553 4169; x_wconf 87' lang='lat' dir='ltr'><strong>remisit</strong></span> <span class='ocrx_word' id='word_1_249' title='bbox 568 4134 612 4168; x_wconf 86' lang='lat' dir='ltr'><strong>rex</strong></span> <span class='ocrx_word' id='word_1_250' title='bbox 632 4119 746 4169; x_wconf 87' lang='lat' dir='ltr'><strong>Franciae</strong></span> <span class='ocrx_word' id='word_1_251' title='bbox 760 4137 816 4170; x_wconf 90' lang='lat' dir='ltr'><strong>cum</strong></span> <span class='ocrx_word' id='word_1_252' title='bbox 844 4123 892 4172; x_wconf 86' lang='lat' dir='ltr'><strong>See</strong></span> <span class='ocrx_word' id='word_1_253' title='bbox 903 4123 948 4172; x_wconf 93' lang='lat' dir='ltr'><strong>Du</strong></span> <span class='ocrx_word' id='word_1_254' title='bbox 959 4122 1056 4186; x_wconf 79' lang='lat' dir='ltr'><strong>Gange,</strong></span> <span class='ocrx_word' id='word_1_255' title='bbox 1065 4138 1089 4172; x_wconf 85' lang='lat' dir='ltr'><strong>v.</strong></span> <span class='ocrx_word' id='word_1_256' title='bbox 1100 4123 1108 4151; x_wconf 86' lang='lat'>‘</span> <span class='ocrx_word' id='word_1_257' title='bbox 1118 4122 1293 4175; x_wconf 88' lang='lat' dir='ltr'><strong>Ammiratus.&#39;</strong></span> 
     </span>
     <span class='ocr_line' id='line_1_39' title="bbox 356 4188 793 4252; baseline 0.016 -17"><span class='ocrx_word' id='word_1_258' title='bbox 356 4188 457 4239; x_wconf 90' lang='lat' dir='ltr'><strong>honore.</strong></span> <span class='ocrx_word' id='word_1_259' title='bbox 494 4191 570 4241; x_wconf 88' lang='lat' dir='ltr'><strong>Matt.</strong></span> <span class='ocrx_word' id='word_1_260' title='bbox 582 4191 686 4242; x_wconf 89' lang='lat' dir='ltr'><strong>Westm.</strong></span> <span class='ocrx_word' id='word_1_261' title='bbox 698 4206 724 4252; x_wconf 87' lang='lat' dir='ltr'><strong>p.</strong></span> <span class='ocrx_word' id='word_1_262' title='bbox 736 4195 793 4243; x_wconf 81' lang='grc'><strong>400.</strong></span> 
     </span>
    </p>
   </div>
   <div class='ocr_carea' id='block_1_13' title="bbox 0 0 1469 4866">
    <p class='ocr_par' dir='ltr' id='par_1_14' title="bbox 0 0 1469 4866">
     <span class='ocr_line' id='line_1_40' title="bbox 0 0 1469 4866; baseline 0 0"><span class='ocrx_word' id='word_1_263' title='bbox 0 0 1469 4866; x_wconf 95' lang='lat' dir='ltr'><strong> </strong></span> 
     </span>
    </p>
   </div>
  </div>
 </body>
</html>
