2918 4866
285 367 351 432 142
535 382 784 431 consinusrro
811 382 987 431 canonici

284 541 570 607 Cantuarieusem
597 540 905 625 archiepiscopum.
932 523 935 530 ¹
959 541 1005 606 Et
1033 542 1238 624 perdonavit

285 643 317 706 ai
344 651 380 705 et
402 641 560 706 omnibus
583 641 643 724 qui
669 661 748 705 oum
771 661 812 705 eo
836 648 935 706 erant
956 641 991 705 in
1015 642 1122 706 exilio
1150 643 1237 707 iram

286 750 322 807 et
345 741 621 808 malevolentiam
653 761 763 819 suam,
795 743 1001 824 promittens
1027 743 1094 806 sibi
1119 743 1156 806 in
1182 745 1236 807 in·

123 859 240 949 mm
288 849 424 924 tegrum
471 843 607 907 restitui
639 862 757 906 omnes
801 843 1038 924 possessiones
1083 842 1236 908 cantua-

123 961 226 1010 Enusnd·
287 943 410 1007 riensis
447 942 613 1019 ecclesiae,
650 942 740 1007 sicut
782 962 850 1006 uno
885 962 975 1006 anno
1021 943 1142 1007 habuit
1179 963 1237 1007 an·

287 1051 428 1126 tequam
457 1045 501 1107 ab
525 1042 658 1124 Anglia
685 1043 917 1124 egrederetur.
970 1042 1096 1125 Regna
1118 1044 1238 1127 itaquo

287 1145 410 1224 gavisa
436 1150 518 1207 sunt
541 1143 584 1206 de
616 1142 766 1208 adventu
800 1150 836 1208 et
863 1143 1098 1208 consolatione
1128 1145 1237 1227 patris

287 1244 342 1307 sui
367 1243 523 1320 Thomas,
548 1242 808 1308 Cantuariensis
833 1242 1092 1326 archiepiscopi.
1144 1242 1237 1308 Nam

287 1343 362 1427 ipse
385 1342 577 1427 periculum
598 1350 754 1408 metuens
774 1343 978 1420 animarum,
996 1344 1040 1408 ad
1056 1343 1237 1408 ecclesiam

288 1463 388 1509 suam
418 1463 499 1526 rege
530 1444 597 1509 sihi
633 1451 822 1527 praestante
853 1443 1057 1522 conductus
1090 1444 1238 1527 septimo

288 1545 384 1609 exilii
418 1545 473 1609 sui
505 1564 597 1609 anno
627 1563 786 1610 reversus
816 1551 870 1609 est
900 1544 936 1607 iu
964 1542 1142 1626 Angliam,
1166 1543 1237 1609 hal.

289 1645 452 1712 Decemb.
478 1645 514 1727 [1
533 1644 649 1727 Dec.].
703 1644 789 1709 Cum
818 1664 901 1709 vero
929 1643 1156 1708 Cantuariam
1182 1665 1240 1709 ve-

289 1746 409 1824 nisset,
424 1766 446 1810 a
470 1745 562 1809 clero
588 1753 624 1810 et
645 1745 774 1829 populo
802 1751 968 1826 tanquam
991 1744 1137 1825 angelus
1164 1745 1239 1809 Do·

289 1846 373 1910 mini
399 1856 558 1928 receptus
586 1851 651 1922 est,
677 1846 836 1909 omnibus
864 1844 1093 1908 clamantibus
1120 1851 1156 1908 et
1185 1845 1236 1910 di-

289 1948 457 2021 centibus,
474 1952 484 1980 ‘
501 1945 711 2010 Benedictus
738 1946 798 2027 qui
818 1945 914 2009 venit
937 1945 974 2009 in
1005 1944 1142 2008 nomine
1167 1945 1239 2010 Do·

288 2047 395 2110 mini!
461 2045 543 2127 Ipse
580 2052 708 2121 autem,
747 2054 913 2126 tauquam
950 2045 1062 2108 bonus
1105 2052 1238 2127 pastor,

288 2146 447 2210 omnibus
474 2146 510 2207 in
535 2143 655 2208 osculo
680 2144 776 2227 pacis
804 2145 965 2226 receptis,
986 2145 1066 2208 illos
1092 2152 1238 2226 paterna

288 2245 530 2310 exhortatione
544 2244 678 2308 monuit
692 2250 728 2307 et
749 2243 868 2308 docuit
881 2243 1134 2308 fraternitatem
1159 2245 1239 2310 dili·

288 2364 382 2428 gere,
411 2351 458 2420 ot,
489 2345 519 2406 si
552 2363 692 2408 necesse
721 2343 837 2420 fuerit,
866 2346 999 2408 animas
1032 2365 1171 2428 ponere,
1202 2354 1238 2411 et

288 2453 422 2509 certare
450 2463 560 2526 usque
586 2444 630 2508 ad
656 2451 802 2507 mortem
825 2464 888 2527 pro
912 2445 989 2527 lege
1017 2446 1094 2509 Dei.
1147 2445 1236 2511 Cum

288 2565 370 2609 vero
398 2544 557 2608 dominus
583 2564 674 2627 papa
700 2544 879 2627 praefatam
899 2543 974 2628 jam
1003 2545 1086 2610 dicti
1103 2545 1236 2611 Ebora·

288 2645 399 2710 censis
414 2651 449 2708 et
470 2645 711 2727 episcoporum
735 2645 794 2727 qui
811 2646 842 2708 ei
865 2647 1049 2710 astiterant
1071 2665 1238 2728 praesum-

287 2747 452 2829 ptionem,
482 2745 704 2828 conquirente
739 2747 842 2810 beato
873 2745 1019 2823 Thoma,
1054 2753 1092 2810 ut
1130 2767 1237 2830 supra

288 2847 418 2910 dictum
455 2852 519 2921 est,
556 2845 721 2922 audisset,
758 2845 947 2928 Rogerum,
983 2846 1235 2913 Eboraoensom

287 2945 594 3028 archiepiscopum,
643 2953 678 3010 et
721 2945 920 3027 Hugonem,
964 2947 1234 3013 Dunelmensem

286 3047 497 3130 episcopum,
514 3051 550 3108 et
564 3045 622 3109 W.
643 3045 829 3110 Rofensem
849 3047 1060 3128 episcopum,
1083 3049 1127 3111 ab
1142 3050 1236 3113 omui

285 3145 473 3231 episcopali
494 3144 674 3229 suspendit
696 3145 827 3220 officio;
856 3156 891 3210 et
914 3145 1122 3225 Gilbertum,
1140 3147 1236 3212 Lun-

286 3248 497 3323 doniensem,
532 3253 567 3309 et
606 3245 830 3322 Joscelinum,
869 3246 1164 3325 salisberiensem,
1199 3250 1236 3313 in

287 3348 491 3414 sententiam
523 3345 753 3410 anathematis
788 3346 979 3411 innodavit.
1048 3346 1136 3426 Quae
1179 3369 1235 3414 se-

286 3449 427 3524 veritaS,
456 3447 491 3510 in
525 3447 637 3510 sancti
667 3445 811 3510 Thomas
851 3447 1009 3528 ingressu
1044 3448 1234 3530 publicata,

286 3570 402 3634 regem
417 3547 565 3629 amplius
584 3546 819 3623 exacerbavit,
841 3554 877 3610 et
898 3547 1036 3629 linguas
1057 3550 1233 3614 toxicatas

285 3649 536 3718 detrahentium
560 3647 603 3710 ad
622 3645 815 3710 nocendum
839 3645 1046 3712 efficaciores
1076 3649 1233 3718 reddidit.

125 3774 260 3827 rinnau
287 3754 377 3820 Nam
389 3750 562 3832 Rogerus,
575 3747 801 3810 Eboracensis
819 3746 1112 3830 archiepiscopus,
1124 3756 1160 3813 et
1169 3748 1192 3813 J
1195 3770 1234 3814 o-

125 3828 249 3932 {altilis
286 3854 445 3928 soelinus,
459 3846 729 3913 salesburiensis
747 3848 944 3930 episcopus,
960 3855 995 3912 et
1009 3847 1233 3929 Gillebertus,

126 3934 263 4027 {illailla
288 3950 537 4022 Lundoniensis
567 3947 760 4031 episcopus,
787 3949 906 4012 statim
936 3969 997 4030 per
1026 3951 1233 4014 sententiam

126 4032 270 4137 {millii
286 4062 320 4126 in
330 4059 379 4124 eis
390 4049 654 4139 promulgatam,
667 4046 909 4130 applicuerunt
921 4048 957 4111 in
968 4048 1233 4129 Normanniam‚

128 4139 213 4183 Μ
287 4172 322 4228 et
350 4159 555 4224 exacuentes
580 4155 618 4212 ut
643 4147 797 4228 gladium
823 4148 959 4230 linguas
992 4167 1086 4226 suas,
1118 4150 1232 4233 ipsum
