2918 4866
302 381 365 442 xvi
689 392 863 441 prunnon.

302 552 455 636 proferre
487 552 600 630 valeo,
631 558 799 634 tanquam
831 553 924 632 grati
953 550 1059 615 animi
1090 557 1125 616 et
1161 571 1255 614 surn-

302 672 435 717 morum
459 661 597 717 tuorum
620 671 705 733 erga
723 672 779 716 me
802 652 1046 716 beneficiorum
1062 672 1136 727 non
1156 650 1254 716 obliti

302 754 427 836 pignus
450 754 498 816 sis
523 760 751 835 accepturus:
776 772 839 837 pro
862 753 999 835 quibus,
1023 752 1116 835 quod
1139 752 1274 816 solum·

302 873 457 937 possum,
484 873 619 936 semper
644 860 679 916 et
705 852 833 934 ubique
858 872 913 916 me
940 853 993 917 tui
1017 853 1252 917 observantis·

303 954 426 1017 simum
443 953 516 1018 fore
532 961 568 1018 ct
586 953 752 1035 polliceor
767 960 802 1016 et
815 954 1002 1034 praestabo,

555 1050 804 1135 Amplitudinis
822 1060 893 1117 tuae
911 1052 1158 1128 deditissimus,

768 1151 991 1218 Gummnus
1015 1153 1252 1218 Hownnnus

525 1575 758 1664 CANDIDO
792 1574 1025 1641 LECTORI.

347 1750 457 1829 Ecca,
467 1751 615 1833 benigne
626 1751 748 1830 lector,
762 1757 816 1816 tot
829 1751 978 1814 evolutis
989 1748 1125 1814 saeculis
1138 1749 1253 1831 prodit

303 1850 339 1914 in
352 1851 475 1929 lucem,
493 1859 528 1916 et
544 1871 697 1916 censurae
716 1859 785 1916 tuae
807 1870 845 1914 se
867 1850 1008 1934 subjicit
1024 1850 1250 1933 opusculum:

304 1952 335 2014 si
360 1958 535 2016 auctorem
559 1951 698 2033 quaeris,
722 1951 892 2016 Florentii
911 1950 1037 2014 eruditi
1062 1950 1252 2032 Wigorniae

303 2051 484 2117 monachi:
517 2050 548 2114 si
573 2051 752 2132 originem,
782 2052 826 2115 ab
852 2050 937 2133 ipsis
962 2049 1082 2113 mundi
1106 2049 1252 2114 incuna-

303 2150 394 2214 bulis
420 2151 465 2214 ad
488 2149 633 2215 Henrici
657 2150 777 2228 Primi,
800 2150 892 2232 regis
919 2149 1071 2232 Angliae,
1094 2157 1253 2233 tempora

304 2249 508 2315 deductum:
542 2251 572 2315 si
602 2251 795 2328 materiam,
820 2258 894 2315 tam
924 2257 1026 2314 extra
1057 2269 1162 2333 quarn
1189 2250 1251 2314 do·

303 2351 448 2414 mestica
463 2357 564 2432 gesta
580 2351 780 2415 continens:
805 2357 840 2415 et
857 2350 924 2414 nisi
941 2351 1141 2428 multorum,
1158 2352 1251 2432 quod

304 2449 368 2514 vix
400 2450 474 2514 fieri
503 2469 608 2533 posse
638 2450 799 2529 arbitror,
832 2457 924 2515 erret
948 2449 1131 2533 judicium,
1158 2452 1250 2532 quod

303 2550 412 2633 praelo
442 2551 626 2614 mandetur
656 2551 812 2633 inprimis
844 2551 997 2634 dignum.
1059 2549 1139 2614 Hoc
1172 2571 1250 2614 curn

299 2649 435 2733 jamdiu
464 2650 556 2714 intra
577 2651 734 2732 privatos
762 2651 912 2734 parietes
941 2650 1139 2715 conclusum
1162 2650 1251 2715 latu·

302 2749 398 2829 isset,
415 2740 630 2832 quorundam
647 2749 788 2816 hortatu
813 2752 965 2815 animum
985 2749 1106 2814 induxi
1124 2771 1250 2830 mcum,

303 2858 463 2934 sumptus
485 2851 620 2933 aliquos
647 2858 682 2915 et
707 2870 847 2934 operam
872 2870 982 2915 meam
1006 2852 1042 2914 in
1064 2851 1183 2914 eodem
1199 2852 1251 2916 di-

303 2951 478 3032 vulgando
502 2949 715 3033 impendere:
740 2952 890 3015 maxime
903 2951 940 3013 in
955 2969 1071 3014 eorum
1089 2951 1249 3033 gratiam,

303 3051 419 3133 quise
442 3058 535 3115 totos
559 3050 638 3114 huic
660 3070 836 3132 nunquam
859 3051 945 3114 satis
968 3049 1110 3114 laudato
1133 3051 1248 3116 studio

303 3150 528 3215 devoverunt.
581 3150 632 3214 Ut
662 3158 780 3214 autern
814 3150 858 3213 ad
888 3150 991 3234 hujus
1030 3149 1145 3233 operis
1175 3151 1250 3234 pie-

302 3250 431 3313 niorem
462 3250 705 3332 cognitionem,
734 3258 902 3332 tanquam
930 3249 1065 3313 Theseo
1092 3250 1163 3328 filo,
1189 3253 1249 3316 du-

302 3351 405 3428 caris,
421 3350 524 3414 liceat
552 3349 635 3412 mihi
661 3351 753 3415 bona
778 3357 840 3414 tua
866 3368 943 3412 curn
971 3351 1073 3414 venia
1100 3358 1135 3415 te
1161 3371 1250 3433 prae-

302 3468 454 3528 monere,
472 3456 647 3514 auctorem
663 3451 700 3514 in
717 3435 782 3514 sua
804 3469 971 3513 annorum
990 3452 1249 3532 computatione

302 3550 388 3614 duas
414 3551 598 3615 observare
626 3551 744 3627 series
773 3569 876 3613 unam
901 3549 1091 3613 secundum
1117 3551 1251 3636 Diony-

302 3651 402 3728 sium,
421 3653 478 3714 oui
492 3650 528 3713 in
546 3651 675 3715 vertice
695 3650 833 3736 paginae
848 3649 922 3712 haec
945 3656 1028 3714 nota
1044 3649 1079 3713 S.
1096 3651 1142 3715 D.
1157 3672 1247 3734 prae-

302 3750 440 3832 figitur:
472 3752 617 3815 alteram
643 3750 830 3815 secundum
856 3749 1097 3832 Evangelium,
1123 3753 1180 3816 cui
1202 3774 1246 3818 ex

302 3850 449 3914 adverso
473 3850 509 3914 S.
526 3851 567 3914 E.
588 3850 712 3914 indicis
736 3850 814 3913 loco
838 3858 1095 3934 praeponuntur.
1148 3851 1246 3930 Quas

301 3949 437 4033 quidem
468 3950 573 4014 series
606 3967 705 4014 xx11.
736 3950 836 4014 annis
863 3951 953 4014 inter
986 3971 1024 4015 se
1052 3952 1247 4033 discrepare

300 4050 505 4116 invenies*
534 4052 555 4094 *
580 4051 602 4095 *
627 4052 647 4094 *
676 4050 697 4094 *
725 4050 747 4094 *
772 4050 793 4094 *
821 4050 1045 4130 *Quantum
1072 4050 1114 4113 ad
1137 4051 1246 4117 histo·

298 4151 385 4215 riam
416 4158 564 4235 spectat,
594 4152 638 4215 ab
668 4151 813 4235 antiquo
843 4151 1035 4235 exemplari
1066 4171 1107 4215 ne
1136 4150 1246 4218 latum
