2918 4866
307 367 352 431 82
554 377 801 427 courruuurro
826 379 1003 426 crinorum

310 548 383 604 tate
409 538 634 613 decernimus,
657 537 753 600 utin
780 537 1097 600 consecrationibus
1128 537 1262 618 episco-

310 659 445 723 porum,
464 639 517 701 vel
535 638 699 702 abbatum
715 636 1023 715 benedictionibus,
1035 657 1096 700 seu
1112 637 1149 700 in
1167 636 1263 699 dedi·

312 740 506 805 cationibus
533 738 765 812 ecclesiarum,
790 756 860 799 non
882 756 1005 819 cappa,
1028 757 1096 800 non
1119 744 1272 819 tapetas,-

313 860 381 904 non
408 838 676 920 manutergium,
692 857 761 900 non
785 837 941 914 baccilia,
959 843 995 900 et
1013 837 1099 900 nihil
1123 837 1263 900 omniuo

313 960 376 1022 per
390 938 601 1014 violentiam,
613 937 679 1000 nisi
692 943 816 1020 sponte
825 937 980 1001 oblatum
995 938 1112 1014 fuerit,
1125 937 1263 1019 penitus

315 1040 487 1121 exigatur.

365 1156 413 1203 w.
443 1137 572 1202 Nullus
590 1136 710 1212 abbaS,
729 1134 845 1199 nullus
867 1137 973 1218 prior,
991 1136 1107 1199 nullus
1124 1135 1264 1199 omnino

314 1239 501 1302 monachus
523 1236 580 1301 vel
602 1235 759 1312 cienena,
783 1236 972 1310 ecclesiam,
991 1237 1065 1300 sive
1083 1236 1263 1312 decimam,

314 1358 376 1402 seu
391 1337 553 1420 quaelibet
564 1334 731 1400 beneficia
743 1335 990 1413 ecclesiastica,
1004 1337 1047 1399 de
1064 1336 1156 1400 dono
1171 1336 1263 1412 laici,

314 1439 388 1502 sine
403 1437 533 1520 proprii
547 1435 700 1519 episcopi
713 1437 920 1500 auctoritate
932 1444 967 1500 et
984 1455 1139 1513 assensu,
1155 1436 1264 1499 susci-

314 1539 400 1620 piat.
453 1537 557 1615 Quod
583 1537 614 1600 si
642 1543 891 1618 praesumptum
922 1536 1037 1613 fuerit,
1070 1537 1169 1600 irrita
1198 1535 1265 1599 erit

315 1638 457 1703 donatio
495 1635 703 1721 hujusmodi,
743 1641 778 1699 et
816 1637 890 1718 ipse
926 1636 1101 1700 canonicae
1140 1634 1264 1700 ultioni

316 1737 521 1822 subjacebit.

366 1856 400 1902 ν.
424 1838 605 1901 Sancimus
629 1844 810 1919 praeterea,
834 1835 974 1917 nequis
997 1836 1177 1899 eeclesiam
1197 1834 1264 1899 sibi

316 1939 390 2002 sive
406 1936 625 2020 praebendam
641 1943 786 2018 paterna
802 1936 960 2000 vendicet
974 1935 1186 2012 haereditate,
1203 1942 1266 2000 aut

316 2057 550 2102 successorem
565 2036 631 2099 sibi
646 2037 682 2098 in
698 2036 815 2118 aliquo
829 2035 1063 2099 ecclesiastico
1077 2036 1266 2101 constituat

316 2137 494 2201 beneficio
548 2134 651 2212 Quod
679 2136 709 2198 si
734 2143 983 2218 praesumptum
1008 2135 1123 2212 fuerit,
1149 2136 1264 2199 nullas

318 2237 410 2300 vires
441 2234 568 2298 habere
597 2234 840 2316 permittimus
870 2234 1023 2299 dicentes
1054 2255 1133 2300 cum
1169 2235 1264 2317 psal-

318 2336 433 2412 mista,
464 2335 584 2396 ‘Deus
614 2352 711 2396 meus
743 2354 833 2416 pone
864 2334 944 2398 illos
979 2342 1017 2398 ut
1050 2343 1174 2412 rotam,
1205 2335 1264 2412 et‚’

317 2435 409 2498 sicut
426 2434 602 2510 dixerunt,
618 2433 843 2498 ‘haereditate
860 2435 1098 2516 possideamus
1123 2444 1264 2500 sanctu·

319 2534 430 2596 arium
447 2532 540 2597 Dei.'

368 2650 415 2696 vl.
444 2632 657 2716 Adjicientes
683 2652 820 2715 quoque
846 2633 1044 2711 statuimus
1071 2639 1111 2697 ut
1137 2633 1266 2711 elerici,

318 2733 378 2814 qui
405 2733 568 2796 ecclesias
593 2752 655 2796 seu
679 2732 847 2797 beneficia
873 2733 1002 2797 babent
1029 2734 1265 2812 ecclesiarum,

317 2841 352 2896 et
375 2832 538 2909 ordinari,
561 2852 630 2915 quo
658 2832 799 2896 liberius
830 2833 963 2910 vivant,
995 2833 1266 2914 subterfugiunt,

317 2952 394 2996 cum
424 2934 467 2996 ab
492 2932 664 3015 episcopis
688 2933 827 2998 invitati
847 2933 985 3009 fuerint,
1008 2933 1039 2998 si
1061 2934 1105 2998 ad
1127 2934 1266 2999 ordines

317 3034 512 3114 promoveri
527 3034 806 3113 contempserint,
824 3034 978 3098 ecclesiis
993 3033 1095 3096 simul
1110 3041 1145 3097 et
1163 3035 1266 3098 bene-

317 3132 404 3195 ficiis
422 3151 540 3194 earum
557 3131 746 3213 priventur.

368 3247 431 3293 vu.
458 3231 586 3294 Nullus
601 3231 637 3293 in
650 3230 831 3307 decanum,
845 3231 960 3295 nullus
977 3232 1012 3295 in
1022 3233 1183 3314 priorem,
1199 3234 1266 3297 nisi

316 3331 517 3412 presbyter3
532 3329 649 3393 nullus
659 3331 694 3393 in
712 3331 1080 3410 archidiaconum,nisi
1098 3332 1265 3397 diaconus

316 3436 571 3511 promoveatur.

367 3546 446 3592 vul.
471 3526 599 3592 Nullus
615 3529 652 3592 in
677 3530 929 3612 presbyterum,
952 3531 1069 3595 nullus
1091 3533 1127 3595 in
1152 3533 1264 3597 diaco·

317 3649 411 3705 num,
445 3629 512 3692 nisi
545 3629 588 3692 ad
622 3635 753 3693 certum
786 3629 925 3692 titulum
956 3631 1141 3698 ordinetur.
1195 3631 1266 3712 Qui

316 3747 399 3792 vero
434 3728 592 3792 absolute
624 3728 730 3792 suerit
761 3729 941 3792 ordinatus
973 3739 1112 3814 sumpta
1146 3740 1265 3798 careat

316 3828 496 3909 dignitate.

366 3944 420 3991 1x.
446 3927 575 3990 Nullus
601 3928 722 4005 abbas,
746 3926 862 3990 nullus
888 3929 1029 3993 omnino
1045 3930 1191 3996 clericus
1210 3933 1265 3996 val

315 4028 437 4104 laicus,
455 4046 651 4110 quenquam
676 4047 738 4110 per
760 4026 940 4091 ecclesiam
962 4029 998 4091 in
1014 4030 1160 4095 ecclesia
1175 4032 1265 4095 ordi-

315 4136 447 4206 natum,
460 4129 591 4210 absque
605 4128 735 4209 proprii
750 4127 904 4210 episcopi
915 4126 1060 4210 judicio,
1076 4139 1265 4214 praesumat
