<?xml version="1.0" encoding="UTF-8"?>
<!DOCTYPE html PUBLIC "-//W3C//DTD XHTML 1.0 Transitional//EN"
    "http://www.w3.org/TR/xhtml1/DTD/xhtml1-transitional.dtd">
<html xmlns="http://www.w3.org/1999/xhtml" xml:lang="en" lang="en">
 <head>
  <title>
</title>
<meta http-equiv="Content-Type" content="text/html;charset=utf-8" />
  <meta name='ocr-system' content='tesseract 3.04.00' />
  <meta name='ocr-capabilities' content='ocr_page ocr_carea ocr_par ocr_line ocrx_word'/>
</head>
<body>
  <div class='ocr_page' id='page_1' title='image "./florentiiwigorn02florgoog_0174.png"; bbox 0 0 2918 4866; ppageno 0'>
   <div class='ocr_carea' id='block_1_1' title="bbox 424 389 1149 454">
    <p class='ocr_par' dir='ltr' id='par_1_1' title="bbox 424 389 1149 454">
     <span class='ocr_line' id='line_1_1' title="bbox 424 389 1149 454; baseline 0 -1"><span class='ocrx_word' id='word_1_1' title='bbox 424 404 617 453; x_wconf 81' lang='lat' dir='ltr'>rnoannru</span> <span class='ocrx_word' id='word_1_2' title='bbox 643 405 922 454; x_wconf 82' lang='lat' dir='ltr'>wrconmnusrs.</span> <span class='ocrx_word' id='word_1_3' title='bbox 1085 389 1149 453; x_wconf 84' lang='grc'>147</span> 
     </span>
    </p>
   </div>
   <div class='ocr_carea' id='block_1_2' title="bbox 194 560 1147 2239">
    <p class='ocr_par' dir='ltr' id='par_1_2' title="bbox 194 560 1147 2239">
     <span class='ocr_line' id='line_1_2' title="bbox 200 560 1145 626; baseline 0.004 -4"><span class='ocrx_word' id='word_1_4' title='bbox 200 560 329 624; x_wconf 83' lang='lat' dir='ltr'>doloris</span> <span class='ocrx_word' id='word_1_5' title='bbox 368 562 500 626; x_wconf 86' lang='lat' dir='ltr'>excitat</span> <span class='ocrx_word' id='word_1_6' title='bbox 531 563 699 626; x_wconf 86' lang='lat' dir='ltr'>inanditae</span> <span class='ocrx_word' id='word_1_7' title='bbox 739 563 877 625; x_wconf 86' lang='lat' dir='ltr'>novitas</span> <span class='ocrx_word' id='word_1_8' title='bbox 907 560 1145 626; x_wconf 86' lang='lat' dir='ltr'>crudelitatis:</span> 
     </span>
     <span class='ocr_line' id='line_1_3' title="bbox 200 662 1147 743; baseline 0.002 -22"><span class='ocrx_word' id='word_1_9' title='bbox 200 679 307 741; x_wconf 90' lang='lat' dir='ltr'>quum</span> <span class='ocrx_word' id='word_1_10' title='bbox 331 663 365 724; x_wconf 89' lang='lat' dir='ltr'>in</span> <span class='ocrx_word' id='word_1_11' title='bbox 393 669 551 725; x_wconf 86' lang='lat' dir='ltr'>sanctum</span> <span class='ocrx_word' id='word_1_12' title='bbox 581 662 649 725; x_wconf 92' lang='lat' dir='ltr'>Dei</span> <span class='ocrx_word' id='word_1_13' title='bbox 672 663 854 742; x_wconf 85' lang='lat' dir='ltr'>insurgens</span> <span class='ocrx_word' id='word_1_14' title='bbox 883 662 1095 743; x_wconf 82' lang='lat' dir='ltr'>malignitas,</span> <span class='ocrx_word' id='word_1_15' title='bbox 1112 663 1147 724; x_wconf 89' lang='lat' dir='ltr'>in</span> 
     </span>
     <span class='ocr_line' id='line_1_4' title="bbox 200 760 1147 843; baseline 0.001 -21"><span class='ocrx_word' id='word_1_16' title='bbox 200 760 369 841; x_wconf 89' lang='lat' dir='ltr'>pupillam</span> <span class='ocrx_word' id='word_1_17' title='bbox 400 761 530 827; x_wconf 86' lang='lat' dir='ltr'>Christi</span> <span class='ocrx_word' id='word_1_18' title='bbox 565 762 717 843; x_wconf 82' lang='lat' dir='ltr'>gladium</span> <span class='ocrx_word' id='word_1_19' title='bbox 748 761 874 835; x_wconf 89' lang='lat' dir='ltr'>infixit,</span> <span class='ocrx_word' id='word_1_20' title='bbox 906 772 940 825; x_wconf 90' lang='lat' dir='ltr'>et</span> <span class='ocrx_word' id='word_1_21' title='bbox 972 761 1147 826; x_wconf 90' lang='lat' dir='ltr'>lucernam</span> 
     </span>
     <span class='ocr_line' id='line_1_5' title="bbox 202 859 1147 944; baseline 0.001 -21"><span class='ocrx_word' id='word_1_22' title='bbox 202 859 463 924; x_wconf 87' lang='lat' dir='ltr'>Cantuariensis</span> <span class='ocrx_word' id='word_1_23' title='bbox 483 861 637 925; x_wconf 86' lang='lat' dir='ltr'>ecclesiae</span> <span class='ocrx_word' id='word_1_24' title='bbox 660 881 729 924; x_wconf 93' lang='lat' dir='ltr'>non</span> <span class='ocrx_word' id='word_1_25' title='bbox 749 868 821 925; x_wconf 91' lang='lat' dir='ltr'>tam</span> <span class='ocrx_word' id='word_1_26' title='bbox 840 861 1025 925; x_wconf 89' lang='lat' dir='ltr'>crudeliter</span> <span class='ocrx_word' id='word_1_27' title='bbox 1042 881 1147 944; x_wconf 90' lang='lat' dir='ltr'>quam</span> 
     </span>
     <span class='ocr_line' id='line_1_6' title="bbox 197 961 1146 1044; baseline 0.002 -22"><span class='ocrx_word' id='word_1_28' title='bbox 197 961 345 1042; x_wconf 82' lang='lat' dir='ltr'>turpiter</span> <span class='ocrx_word' id='word_1_29' title='bbox 370 961 562 1044; x_wconf 90' lang='lat' dir='ltr'>jugulavit.</span> <span class='ocrx_word' id='word_1_30' title='bbox 609 961 794 1024; x_wconf 85' lang='lat' dir='ltr'>Excitetnr</span> <span class='ocrx_word' id='word_1_31' title='bbox 820 962 1004 1042; x_wconf 82' lang='lat' dir='ltr'>exquisitae</span> <span class='ocrx_word' id='word_1_32' title='bbox 1036 981 1146 1041; x_wconf 89' lang='lat' dir='ltr'>genus</span> 
     </span>
     <span class='ocr_line' id='line_1_7' title="bbox 194 1059 1144 1143; baseline 0.003 -22"><span class='ocrx_word' id='word_1_33' title='bbox 194 1060 358 1143; x_wconf 85' lang='lat' dir='ltr'>justitiae,</span> <span class='ocrx_word' id='word_1_34' title='bbox 389 1060 582 1124; x_wconf 90' lang='lat' dir='ltr'>denudetur</span> <span class='ocrx_word' id='word_1_35' title='bbox 612 1059 749 1142; x_wconf 83' lang='lat' dir='ltr'>gladius</span> <span class='ocrx_word' id='word_1_36' title='bbox 783 1060 880 1122; x_wconf 89' lang='lat' dir='ltr'>Petri</span> <span class='ocrx_word' id='word_1_37' title='bbox 912 1061 947 1122; x_wconf 89' lang='lat' dir='ltr'>in</span> <span class='ocrx_word' id='word_1_38' title='bbox 977 1061 1144 1124; x_wconf 89' lang='lat' dir='ltr'>ultionem</span> 
     </span>
     <span class='ocr_line' id='line_1_8' title="bbox 202 1158 1146 1244; baseline 0.002 -22"><span class='ocrx_word' id='word_1_39' title='bbox 202 1158 462 1224; x_wconf 85' lang='lat' dir='ltr'>Cantuariensis</span> <span class='ocrx_word' id='word_1_40' title='bbox 488 1162 673 1243; x_wconf 89' lang='lat' dir='ltr'>martyris;</span> <span class='ocrx_word' id='word_1_41' title='bbox 697 1161 780 1241; x_wconf 92' lang='lat' dir='ltr'>quia</span> <span class='ocrx_word' id='word_1_42' title='bbox 809 1161 1054 1244; x_wconf 87' lang='lat' dir='ltr'>sanguisejus</span> <span class='ocrx_word' id='word_1_43' title='bbox 1083 1181 1146 1242; x_wconf 91' lang='lat' dir='ltr'>pro</span> 
     </span>
     <span class='ocr_line' id='line_1_9' title="bbox 201 1259 1146 1343; baseline 0.002 -23"><span class='ocrx_word' id='word_1_44' title='bbox 201 1259 388 1324; x_wconf 89' lang='lat' dir='ltr'>universali</span> <span class='ocrx_word' id='word_1_45' title='bbox 417 1260 546 1323; x_wconf 86' lang='lat' dir='ltr'>elamat</span> <span class='ocrx_word' id='word_1_46' title='bbox 571 1260 729 1336; x_wconf 88' lang='lat' dir='ltr'>ecclesia,</span> <span class='ocrx_word' id='word_1_47' title='bbox 755 1279 824 1322; x_wconf 92' lang='lat' dir='ltr'>non</span> <span class='ocrx_word' id='word_1_48' title='bbox 851 1266 922 1323; x_wconf 87' lang='lat' dir='ltr'>tam</span> <span class='ocrx_word' id='word_1_49' title='bbox 951 1261 1017 1324; x_wconf 92' lang='lat' dir='ltr'>sibi</span> <span class='ocrx_word' id='word_1_50' title='bbox 1040 1280 1146 1343; x_wconf 85' lang='lat' dir='ltr'>quam</span> 
     </span>
     <span class='ocr_line' id='line_1_10' title="bbox 201 1359 1146 1441; baseline 0.003 -21"><span class='ocrx_word' id='word_1_51' title='bbox 201 1360 373 1423; x_wconf 86' lang='lat' dir='ltr'>universae</span> <span class='ocrx_word' id='word_1_52' title='bbox 388 1359 544 1423; x_wconf 85' lang='lat' dir='ltr'>ecclesiae</span> <span class='ocrx_word' id='word_1_53' title='bbox 559 1378 771 1441; x_wconf 90' lang='lat' dir='ltr'>conquerens</span> <span class='ocrx_word' id='word_1_54' title='bbox 787 1359 830 1422; x_wconf 91' lang='lat' dir='ltr'>de</span> <span class='ocrx_word' id='word_1_55' title='bbox 847 1360 1009 1424; x_wconf 88' lang='lat' dir='ltr'>vindicta.</span> <span class='ocrx_word' id='word_1_56' title='bbox 1056 1360 1146 1424; x_wconf 90' lang='lat' dir='ltr'>Ecce</span> 
     </span>
     <span class='ocr_line' id='line_1_11' title="bbox 202 1458 1146 1540; baseline 0.002 -19"><span class='ocrx_word' id='word_1_57' title='bbox 202 1458 245 1521; x_wconf 90' lang='lat' dir='ltr'>ad</span> <span class='ocrx_word' id='word_1_58' title='bbox 269 1458 440 1522; x_wconf 91' lang='lat' dir='ltr'>tumulum</span> <span class='ocrx_word' id='word_1_59' title='bbox 467 1461 650 1540; x_wconf 85' lang='lat' dir='ltr'>agonistae,</span> <span class='ocrx_word' id='word_1_60' title='bbox 673 1467 711 1522; x_wconf 91' lang='lat' dir='ltr'>ut</span> <span class='ocrx_word' id='word_1_61' title='bbox 737 1458 929 1522; x_wconf 86' lang='lat' dir='ltr'>revelatum</span> <span class='ocrx_word' id='word_1_62' title='bbox 955 1468 1008 1524; x_wconf 93' lang='lat' dir='ltr'>est</span> <span class='ocrx_word' id='word_1_63' title='bbox 1034 1461 1146 1536; x_wconf 89' lang='lat' dir='ltr'>nobis,</span> 
     </span>
     <span class='ocr_line' id='line_1_12' title="bbox 201 1558 1145 1640; baseline 0.002 -20"><span class='ocrx_word' id='word_1_64' title='bbox 201 1558 319 1622; x_wconf 91' lang='lat' dir='ltr'>divina</span> <span class='ocrx_word' id='word_1_65' title='bbox 340 1560 377 1622; x_wconf 91' lang='lat' dir='ltr'>in</span> <span class='ocrx_word' id='word_1_66' title='bbox 398 1560 573 1627; x_wconf 81' lang='lat' dir='ltr'>miraculis</span> <span class='ocrx_word' id='word_1_67' title='bbox 595 1559 771 1622; x_wconf 87' lang='lat' dir='ltr'>revelatur</span> <span class='ocrx_word' id='word_1_68' title='bbox 786 1559 907 1640; x_wconf 87' lang='lat' dir='ltr'>gloria,</span> <span class='ocrx_word' id='word_1_69' title='bbox 925 1567 961 1624; x_wconf 91' lang='lat' dir='ltr'>et</span> <span class='ocrx_word' id='word_1_70' title='bbox 977 1560 1145 1623; x_wconf 90' lang='lat' dir='ltr'>divinitus</span> 
     </span>
     <span class='ocr_line' id='line_1_13' title="bbox 201 1657 1144 1742; baseline 0.002 -22"><span class='ocrx_word' id='word_1_71' title='bbox 201 1657 459 1723; x_wconf 86' lang='lat' dir='ltr'>demonstratur</span> <span class='ocrx_word' id='word_1_72' title='bbox 475 1660 534 1722; x_wconf 91' lang='lat' dir='ltr'>ubi</span> <span class='ocrx_word' id='word_1_73' title='bbox 549 1659 746 1723; x_wconf 88' lang='lat' dir='ltr'>humanitas</span> <span class='ocrx_word' id='word_1_74' title='bbox 761 1659 947 1740; x_wconf 86' lang='lat' dir='ltr'>requiescit</span> <span class='ocrx_word' id='word_1_75' title='bbox 963 1679 1026 1740; x_wconf 90' lang='lat' dir='ltr'>pro</span> <span class='ocrx_word' id='word_1_76' title='bbox 1044 1660 1144 1742; x_wconf 91' lang='lat' dir='ltr'>cujus</span> 
     </span>
     <span class='ocr_line' id='line_1_14' title="bbox 201 1758 1145 1840; baseline 0 -19"><span class='ocrx_word' id='word_1_77' title='bbox 201 1760 338 1822; x_wconf 91' lang='lat' dir='ltr'>nomine</span> <span class='ocrx_word' id='word_1_78' title='bbox 367 1758 572 1823; x_wconf 89' lang='lat' dir='ltr'>decertavit.</span> <span class='ocrx_word' id='word_1_79' title='bbox 626 1758 771 1822; x_wconf 87' lang='lat' dir='ltr'>Lateres</span> <span class='ocrx_word' id='word_1_80' title='bbox 799 1778 881 1822; x_wconf 93' lang='lat' dir='ltr'>vero</span> <span class='ocrx_word' id='word_1_81' title='bbox 909 1760 1145 1840; x_wconf 89' lang='lat' dir='ltr'>praesentium,</span> 
     </span>
     <span class='ocr_line' id='line_1_15' title="bbox 202 1858 1144 1938; baseline 0.003 -18"><span class='ocrx_word' id='word_1_82' title='bbox 202 1865 301 1938; x_wconf 90' lang='lat' dir='ltr'>patre</span> <span class='ocrx_word' id='word_1_83' title='bbox 324 1859 449 1935; x_wconf 90' lang='lat' dir='ltr'>orbati,</span> <span class='ocrx_word' id='word_1_84' title='bbox 474 1867 600 1923; x_wconf 86' lang='lat' dir='ltr'>vestrae</span> <span class='ocrx_word' id='word_1_85' title='bbox 625 1858 754 1922; x_wconf 90' lang='lat' dir='ltr'>Pietati</span> <span class='ocrx_word' id='word_1_86' title='bbox 777 1859 901 1922; x_wconf 88' lang='lat' dir='ltr'>seriem</span> <span class='ocrx_word' id='word_1_87' title='bbox 925 1858 1144 1923; x_wconf 89' lang='lat' dir='ltr'>indicabunt:</span> 
     </span>
     <span class='ocr_line' id='line_1_16' title="bbox 202 1958 1146 2023; baseline 0.001 -3"><span class='ocrx_word' id='word_1_88' title='bbox 202 1964 237 2021; x_wconf 93' lang='lat' dir='ltr'>et</span> <span class='ocrx_word' id='word_1_89' title='bbox 268 1959 466 2023; x_wconf 86' lang='lat' dir='ltr'>testimonio</span> <span class='ocrx_word' id='word_1_90' title='bbox 484 1959 648 2023; x_wconf 71' lang='lat' dir='ltr'>veritatis</span> <span class='ocrx_word' id='word_1_91' title='bbox 678 1978 797 2022; x_wconf 84' lang='lat' dir='ltr'>aurem</span> <span class='ocrx_word' id='word_1_92' title='bbox 821 1958 982 2021; x_wconf 88' lang='lat' dir='ltr'>adhibete</span> <span class='ocrx_word' id='word_1_93' title='bbox 1004 1959 1146 2021; x_wconf 92' lang='lat' dir='ltr'>mitissi-</span> 
     </span>
     <span class='ocr_line' id='line_1_17' title="bbox 203 2059 1146 2140; baseline 0.004 -22"><span class='ocrx_word' id='word_1_94' title='bbox 203 2077 304 2135; x_wconf 88' lang='lat' dir='ltr'>mam,</span> <span class='ocrx_word' id='word_1_95' title='bbox 320 2067 355 2122; x_wconf 91' lang='lat' dir='ltr'>et</span> <span class='ocrx_word' id='word_1_96' title='bbox 373 2066 446 2122; x_wconf 91' lang='lat' dir='ltr'>tam</span> <span class='ocrx_word' id='word_1_97' title='bbox 461 2060 503 2122; x_wconf 94' lang='lat' dir='ltr'>de</span> <span class='ocrx_word' id='word_1_98' title='bbox 518 2061 585 2123; x_wconf 89' lang='lat' dir='ltr'>isto</span> <span class='ocrx_word' id='word_1_99' title='bbox 602 2059 865 2140; x_wconf 88' lang='lat' dir='ltr'>negotioquam</span> <span class='ocrx_word' id='word_1_100' title='bbox 889 2059 932 2121; x_wconf 92' lang='lat' dir='ltr'>de</span> <span class='ocrx_word' id='word_1_101' title='bbox 955 2059 1044 2134; x_wconf 91' lang='lat' dir='ltr'>aliis,</span> <span class='ocrx_word' id='word_1_102' title='bbox 1062 2059 1146 2140; x_wconf 89' lang='lat' dir='ltr'>ipsis</span> 
     </span>
     <span class='ocr_line' id='line_1_18' title="bbox 204 2157 1103 2239; baseline 0.004 -20"><span class='ocrx_word' id='word_1_103' title='bbox 204 2163 368 2239; x_wconf 88' lang='lat' dir='ltr'>tanquam</span> <span class='ocrx_word' id='word_1_104' title='bbox 383 2160 482 2223; x_wconf 90' lang='lat' dir='ltr'>nobis</span> <span class='ocrx_word' id='word_1_105' title='bbox 498 2158 640 2223; x_wconf 89' lang='lat' dir='ltr'>credite.</span> <span class='ocrx_word' id='word_1_106' title='bbox 694 2157 820 2223; x_wconf 89' lang='lat' dir='ltr'>Valete</span> <span class='ocrx_word' id='word_1_107' title='bbox 838 2158 957 2222; x_wconf 88' lang='lat' dir='ltr'>Pietas</span> <span class='ocrx_word' id='word_1_108' title='bbox 975 2167 1103 2223; x_wconf 88' lang='lat' dir='ltr'>vestra.</span> 
     </span>
    </p>
   </div>
   <div class='ocr_carea' id='block_1_3' title="bbox 215 2367 1135 2421">
    <p class='ocr_par' dir='ltr' id='par_1_3' title="bbox 215 2367 1135 2421">
     <span class='ocr_line' id='line_1_19' title="bbox 215 2367 1135 2421; baseline 0.001 -14"><span class='ocrx_word' id='word_1_109' title='bbox 215 2367 350 2415; x_wconf 70' lang='lat' dir='ltr'>QUOMODO</span> <span class='ocrx_word' id='word_1_110' title='bbox 372 2369 431 2410; x_wconf 77' lang='lat' dir='ltr'>REX</span> <span class='ocrx_word' id='word_1_111' title='bbox 452 2369 519 2410; x_wconf 77' lang='lat' dir='ltr'>Posu</span> <span class='ocrx_word' id='word_1_112' title='bbox 539 2369 659 2421; x_wconf 70' lang='lat' dir='ltr'>nonum</span> <span class='ocrx_word' id='word_1_113' title='bbox 680 2368 781 2409; x_wconf 73' lang='lat' dir='ltr'>ennom</span> <span class='ocrx_word' id='word_1_114' title='bbox 801 2369 907 2414; x_wconf 72' lang='lat' dir='ltr'>unolffl</span> <span class='ocrx_word' id='word_1_115' title='bbox 928 2369 967 2408; x_wconf 83' lang='lat' dir='ltr'>AD</span> <span class='ocrx_word' id='word_1_116' title='bbox 988 2367 1135 2410; x_wconf 72' lang='lat' dir='ltr'>nomon</span> 
     </span>
    </p>
   </div>
   <div class='ocr_carea' id='block_1_4' title="bbox 512 2448 832 2489">
    <p class='ocr_par' dir='ltr' id='par_1_4' title="bbox 512 2448 832 2489">
     <span class='ocr_line' id='line_1_20' title="bbox 512 2448 832 2489; baseline -0.003 0"><span class='ocrx_word' id='word_1_117' title='bbox 512 2449 687 2489; x_wconf 77' lang='lat' dir='ltr'>Ponrnuoun</span> <span class='ocrx_word' id='word_1_118' title='bbox 707 2448 832 2489; x_wconf 75' lang='lat' dir='ltr'>msnmu.</span> 
     </span>
    </p>
   </div>
   <div class='ocr_carea' id='block_1_5' title="bbox 203 2565 1310 3945">
    <p class='ocr_par' dir='ltr' id='par_1_5' title="bbox 203 2565 1310 3945">
     <span class='ocr_line' id='line_1_21' title="bbox 253 2565 1310 2649; baseline -0.009 -19"><span class='ocrx_word' id='word_1_119' title='bbox 253 2567 378 2649; x_wconf 89' lang='lat' dir='ltr'>Itaque</span> <span class='ocrx_word' id='word_1_120' title='bbox 401 2569 482 2631; x_wconf 89' lang='lat' dir='ltr'>dnm</span> <span class='ocrx_word' id='word_1_121' title='bbox 505 2567 580 2631; x_wconf 84' lang='lat' dir='ltr'>haec</span> <span class='ocrx_word' id='word_1_122' title='bbox 603 2568 736 2644; x_wconf 89' lang='lat' dir='ltr'>fierent,</span> <span class='ocrx_word' id='word_1_123' title='bbox 765 2566 924 2630; x_wconf 90' lang='lat' dir='ltr'>dominus</span> <span class='ocrx_word' id='word_1_124' title='bbox 955 2565 1148 2629; x_wconf 90' lang='lat' dir='ltr'>Rothoma-</span> <span class='ocrx_word' id='word_1_125' title='bbox 1161 2583 1310 2632; x_wconf 66' lang='lat' dir='ltr'>nements</span> 
     </span>
     <span class='ocr_line' id='line_1_22' title="bbox 203 2637 1274 2747; baseline -0.007 -17"><span class='ocrx_word' id='word_1_126' title='bbox 203 2668 330 2747; x_wconf 78' lang='lat' dir='ltr'>garsie,</span> <span class='ocrx_word' id='word_1_127' title='bbox 348 2675 384 2731; x_wconf 92' lang='lat' dir='ltr'>et</span> <span class='ocrx_word' id='word_1_128' title='bbox 402 2668 560 2731; x_wconf 91' lang='lat' dir='ltr'>dominus</span> <span class='ocrx_word' id='word_1_129' title='bbox 580 2665 822 2744; x_wconf 88' lang='lat' dir='ltr'>Ebroice-usis,¹</span> <span class='ocrx_word' id='word_1_130' title='bbox 846 2674 880 2730; x_wconf 90' lang='lat' dir='ltr'>et</span> <span class='ocrx_word' id='word_1_131' title='bbox 897 2666 1057 2730; x_wconf 89' lang='lat' dir='ltr'>dominus</span> <span class='ocrx_word' id='word_1_132' title='bbox 1071 2666 1145 2729; x_wconf 92' lang='lat' dir='ltr'>Wi-</span> <span class='ocrx_word' id='word_1_133' title='bbox 1161 2637 1274 2734; x_wconf 67' lang='lat' dir='ltr'>illllll?</span> 
     </span>
     <span class='ocr_line' id='line_1_23' title="bbox 204 2764 1147 2847; baseline -0.002 -17"><span class='ocrx_word' id='word_1_134' title='bbox 204 2769 397 2847; x_wconf 88' lang='lat' dir='ltr'>gornensis,</span> <span class='ocrx_word' id='word_1_135' title='bbox 414 2774 449 2831; x_wconf 90' lang='lat' dir='ltr'>et</span> <span class='ocrx_word' id='word_1_136' title='bbox 465 2768 637 2831; x_wconf 88' lang='lat' dir='ltr'>Ricardus</span> <span class='ocrx_word' id='word_1_137' title='bbox 655 2767 775 2842; x_wconf 86' lang='lat' dir='ltr'>Barre,</span> <span class='ocrx_word' id='word_1_138' title='bbox 796 2773 831 2829; x_wconf 92' lang='lat' dir='ltr'>et</span> <span class='ocrx_word' id='word_1_139' title='bbox 854 2765 996 2847; x_wconf 90' lang='lat' dir='ltr'>quidam</span> <span class='ocrx_word' id='word_1_140' title='bbox 1020 2765 1079 2828; x_wconf 91' lang='lat' dir='ltr'>alii</span> <span class='ocrx_word' id='word_1_141' title='bbox 1105 2764 1147 2828; x_wconf 92' lang='lat' dir='ltr'>de</span> 
     </span>
     <span class='ocr_line' id='line_1_24' title="bbox 204 2864 1147 2948; baseline -0.002 -20"><span class='ocrx_word' id='word_1_142' title='bbox 204 2865 336 2930; x_wconf 90' lang='lat' dir='ltr'>clericis</span> <span class='ocrx_word' id='word_1_143' title='bbox 360 2879 395 2932; x_wconf 90' lang='lat' dir='ltr'>et</span> <span class='ocrx_word' id='word_1_144' title='bbox 410 2867 637 2931; x_wconf 86' lang='lat' dir='ltr'>familiaribus</span> <span class='ocrx_word' id='word_1_145' title='bbox 660 2866 764 2948; x_wconf 87' lang='lat' dir='ltr'>regis,</span> <span class='ocrx_word' id='word_1_146' title='bbox 780 2867 846 2929; x_wconf 91' lang='lat' dir='ltr'>iter</span> <span class='ocrx_word' id='word_1_147' title='bbox 866 2866 1087 2947; x_wconf 89' lang='lat' dir='ltr'>arripuerunt</span> <span class='ocrx_word' id='word_1_148' title='bbox 1104 2864 1147 2928; x_wconf 93' lang='lat' dir='ltr'>ad</span> 
     </span>
     <span class='ocr_line' id='line_1_25' title="bbox 204 2965 1148 3049; baseline -0.001 -21"><span class='ocrx_word' id='word_1_149' title='bbox 204 2965 400 3030; x_wconf 89' lang='lat' dir='ltr'>Romanum</span> <span class='ocrx_word' id='word_1_150' title='bbox 416 2967 626 3049; x_wconf 90' lang='lat' dir='ltr'>pontificem,</span> <span class='ocrx_word' id='word_1_151' title='bbox 640 2987 703 3048; x_wconf 87' lang='lat' dir='ltr'>pre</span> <span class='ocrx_word' id='word_1_152' title='bbox 717 2967 793 3048; x_wconf 90' lang='lat' dir='ltr'>ipso</span> <span class='ocrx_word' id='word_1_153' title='bbox 809 2985 901 3047; x_wconf 86' lang='lat' dir='ltr'>rege,</span> <span class='ocrx_word' id='word_1_154' title='bbox 916 2972 951 3028; x_wconf 89' lang='lat' dir='ltr'>et</span> <span class='ocrx_word' id='word_1_155' title='bbox 962 2985 1025 3046; x_wconf 91' lang='lat' dir='ltr'>pro</span> <span class='ocrx_word' id='word_1_156' title='bbox 1039 2984 1148 3045; x_wconf 89' lang='lat' dir='ltr'>regno</span> 
     </span>
     <span class='ocr_line' id='line_1_26' title="bbox 204 3065 1146 3148; baseline -0.002 -20"><span class='ocrx_word' id='word_1_157' title='bbox 204 3066 291 3148; x_wconf 89' lang='lat' dir='ltr'>ejus.</span> <span class='ocrx_word' id='word_1_158' title='bbox 344 3067 411 3131; x_wconf 88' lang='lat' dir='ltr'>Sed</span> <span class='ocrx_word' id='word_1_159' title='bbox 430 3067 589 3131; x_wconf 90' lang='lat' dir='ltr'>dominus</span> <span class='ocrx_word' id='word_1_160' title='bbox 607 3065 901 3146; x_wconf 87' lang='lat' dir='ltr'>Rothomagensis</span> <span class='ocrx_word' id='word_1_161' title='bbox 924 3066 1020 3128; x_wconf 91' lang='lat' dir='ltr'>senio</span> <span class='ocrx_word' id='word_1_162' title='bbox 1044 3072 1079 3128; x_wconf 91' lang='lat' dir='ltr'>et</span> <span class='ocrx_word' id='word_1_163' title='bbox 1096 3065 1146 3126; x_wconf 91' lang='lat' dir='ltr'>in-</span> 
     </span>
     <span class='ocr_line' id='line_1_27' title="bbox 204 3164 1148 3250; baseline -0.001 -24"><span class='ocrx_word' id='word_1_164' title='bbox 204 3165 368 3230; x_wconf 88' lang='lat' dir='ltr'>firmitate</span> <span class='ocrx_word' id='word_1_165' title='bbox 394 3167 569 3244; x_wconf 88' lang='lat' dir='ltr'>laborans,</span> <span class='ocrx_word' id='word_1_166' title='bbox 597 3187 676 3231; x_wconf 92' lang='lat' dir='ltr'>cum</span> <span class='ocrx_word' id='word_1_167' title='bbox 697 3165 773 3250; x_wconf 88' lang='lat' dir='ltr'>jam</span> <span class='ocrx_word' id='word_1_168' title='bbox 803 3164 874 3228; x_wconf 85' lang='lat' dir='ltr'>fere</span> <span class='ocrx_word' id='word_1_169' title='bbox 897 3166 1046 3229; x_wconf 89' lang='lat' dir='ltr'>mediam</span> <span class='ocrx_word' id='word_1_170' title='bbox 1070 3184 1148 3245; x_wconf 91' lang='lat' dir='ltr'>per-</span> 
     </span>
     <span class='ocr_line' id='line_1_28' title="bbox 204 3263 1150 3348; baseline -0.001 -20"><span class='ocrx_word' id='word_1_171' title='bbox 204 3267 332 3346; x_wconf 87' lang='lat' dir='ltr'>egisset</span> <span class='ocrx_word' id='word_1_172' title='bbox 354 3267 459 3342; x_wconf 90' lang='lat' dir='ltr'>viam,</span> <span class='ocrx_word' id='word_1_173' title='bbox 482 3265 625 3329; x_wconf 87' lang='lat' dir='ltr'>ulterius</span> <span class='ocrx_word' id='word_1_174' title='bbox 647 3264 832 3348; x_wconf 90' lang='lat' dir='ltr'>procedere</span> <span class='ocrx_word' id='word_1_175' title='bbox 854 3284 922 3328; x_wconf 92' lang='lat' dir='ltr'>non</span> <span class='ocrx_word' id='word_1_176' title='bbox 944 3264 1071 3346; x_wconf 91' lang='lat' dir='ltr'>potuit,</span> <span class='ocrx_word' id='word_1_177' title='bbox 1089 3263 1150 3327; x_wconf 90' lang='lat' dir='ltr'>sed</span> 
     </span>
     <span class='ocr_line' id='line_1_29' title="bbox 203 3363 1150 3447; baseline -0.001 -19"><span class='ocrx_word' id='word_1_178' title='bbox 203 3366 239 3428; x_wconf 92' lang='lat' dir='ltr'>in</span> <span class='ocrx_word' id='word_1_179' title='bbox 264 3367 583 3430; x_wconf 81' lang='lat' dir='ltr'>Normanniamad</span> <span class='ocrx_word' id='word_1_180' title='bbox 606 3366 721 3430; x_wconf 88' lang='lat' dir='ltr'>sedem</span> <span class='ocrx_word' id='word_1_181' title='bbox 744 3366 919 3447; x_wconf 89' lang='lat' dir='ltr'>propriam</span> <span class='ocrx_word' id='word_1_182' title='bbox 937 3365 1051 3428; x_wconf 89' lang='lat' dir='ltr'>rediit.</span> <span class='ocrx_word' id='word_1_183' title='bbox 1104 3363 1150 3427; x_wconf 89' lang='lat' dir='ltr'>Et</span> 
     </span>
     <span class='ocr_line' id='line_1_30' title="bbox 203 3463 1149 3547; baseline -0.001 -20"><span class='ocrx_word' id='word_1_184' title='bbox 203 3465 360 3546; x_wconf 82' lang='lat' dir='ltr'>praedicti</span> <span class='ocrx_word' id='word_1_185' title='bbox 375 3466 527 3547; x_wconf 88' lang='lat' dir='ltr'>episcopi</span> <span class='ocrx_word' id='word_1_186' title='bbox 543 3485 620 3528; x_wconf 89' lang='lat' dir='ltr'>cnm</span> <span class='ocrx_word' id='word_1_187' title='bbox 637 3463 771 3528; x_wconf 87' lang='lat' dir='ltr'>clericis</span> <span class='ocrx_word' id='word_1_188' title='bbox 786 3465 878 3545; x_wconf 87' lang='lat' dir='ltr'>regis</span> <span class='ocrx_word' id='word_1_189' title='bbox 894 3470 1149 3546; x_wconf 88' lang='lat' dir='ltr'>processerunt,</span> 
     </span>
     <span class='ocr_line' id='line_1_31' title="bbox 204 3563 1151 3647; baseline -0.001 -20"><span class='ocrx_word' id='word_1_190' title='bbox 204 3571 239 3628; x_wconf 91' lang='lat' dir='ltr'>et</span> <span class='ocrx_word' id='word_1_191' title='bbox 266 3585 290 3631; x_wconf 90' lang='lat' dir='ltr'>a</span> <span class='ocrx_word' id='word_1_192' title='bbox 318 3584 452 3629; x_wconf 89' lang='lat' dir='ltr'>summo</span> <span class='ocrx_word' id='word_1_193' title='bbox 484 3565 647 3647; x_wconf 87' lang='lat' dir='ltr'>pontifice</span> <span class='ocrx_word' id='word_1_194' title='bbox 678 3583 756 3626; x_wconf 90' lang='lat' dir='ltr'>cum</span> <span class='ocrx_word' id='word_1_195' title='bbox 789 3583 915 3646; x_wconf 85' lang='lat' dir='ltr'>magna</span> <span class='ocrx_word' id='word_1_196' title='bbox 948 3563 1151 3627; x_wconf 89' lang='lat' dir='ltr'>difficultate</span> 
     </span>
     <span class='ocr_line' id='line_1_32' title="bbox 203 3662 1152 3747; baseline 0 -21"><span class='ocrx_word' id='word_1_197' title='bbox 203 3665 487 3747; x_wconf 86' lang='lat' dir='ltr'>impetraverunt,</span> <span class='ocrx_word' id='word_1_198' title='bbox 512 3665 604 3747; x_wconf 91' lang='lat' dir='ltr'>quod</span> <span class='ocrx_word' id='word_1_199' title='bbox 633 3665 702 3727; x_wconf 91' lang='lat' dir='ltr'>duo</span> <span class='ocrx_word' id='word_1_200' title='bbox 730 3662 935 3740; x_wconf 87' lang='lat' dir='ltr'>cardinales,</span> <span class='ocrx_word' id='word_1_201' title='bbox 963 3683 1009 3726; x_wconf 92' lang='lat' dir='ltr'>sc.</span> <span class='ocrx_word' id='word_1_202' title='bbox 1036 3663 1152 3727; x_wconf 87' lang='lat' dir='ltr'>Theo-</span> 
     </span>
     <span class='ocr_line' id='line_1_33' title="bbox 204 3763 1151 3847; baseline -0.002 -21"><span class='ocrx_word' id='word_1_203' title='bbox 204 3763 306 3833; x_wconf 88' lang='lat' dir='ltr'>dinus</span> <span class='ocrx_word' id='word_1_204' title='bbox 324 3772 359 3828; x_wconf 91' lang='lat' dir='ltr'>et</span> <span class='ocrx_word' id='word_1_205' title='bbox 376 3765 542 3828; x_wconf 91' lang='lat' dir='ltr'>Albertus</span> <span class='ocrx_word' id='word_1_206' title='bbox 566 3784 610 3827; x_wconf 87' lang='lat' dir='ltr'>ex</span> <span class='ocrx_word' id='word_1_207' title='bbox 631 3771 729 3846; x_wconf 90' lang='lat' dir='ltr'>parte</span> <span class='ocrx_word' id='word_1_208' title='bbox 745 3763 821 3847; x_wconf 88' lang='lat' dir='ltr'>ejus</span> <span class='ocrx_word' id='word_1_209' title='bbox 839 3764 874 3825; x_wconf 92' lang='lat' dir='ltr'>in</span> <span class='ocrx_word' id='word_1_210' title='bbox 897 3763 1151 3827; x_wconf 88' lang='lat' dir='ltr'>Normanniam</span> 
     </span>
     <span class='ocr_line' id='line_1_34' title="bbox 204 3864 1150 3945; baseline -0.004 -18"><span class='ocrx_word' id='word_1_211' title='bbox 204 3865 375 3940; x_wconf 89' lang='lat' dir='ltr'>venirent,</span> <span class='ocrx_word' id='word_1_212' title='bbox 398 3865 441 3928; x_wconf 90' lang='lat' dir='ltr'>ad</span> <span class='ocrx_word' id='word_1_213' title='bbox 470 3864 746 3945; x_wconf 86' lang='lat' dir='ltr'>cognoscendam</span> <span class='ocrx_word' id='word_1_214' title='bbox 770 3882 910 3927; x_wconf 86' lang='lat' dir='ltr'>eausam</span> <span class='ocrx_word' id='word_1_215' title='bbox 935 3883 1014 3945; x_wconf 88' lang='lat' dir='ltr'>quae</span> <span class='ocrx_word' id='word_1_216' title='bbox 1038 3869 1150 3925; x_wconf 90' lang='lat' dir='ltr'>verte·</span> 
     </span>
    </p>
   </div>
   <div class='ocr_carea' id='block_1_6' title="bbox 206 3963 1151 4046">
    <p class='ocr_par' dir='ltr' id='par_1_6' title="bbox 206 3963 1151 4046">
     <span class='ocr_line' id='line_1_35' title="bbox 206 3963 1151 4046; baseline -0.005 -20"><span class='ocrx_word' id='word_1_217' title='bbox 206 3965 309 4027; x_wconf 88' lang='lat' dir='ltr'>batur</span> <span class='ocrx_word' id='word_1_218' title='bbox 336 3965 564 4046; x_wconf 90' lang='lat' dir='ltr'>interregem</span> <span class='ocrx_word' id='word_1_219' title='bbox 588 3973 623 4028; x_wconf 89' lang='lat' dir='ltr'>et</span> <span class='ocrx_word' id='word_1_220' title='bbox 647 3964 827 4028; x_wconf 91' lang='lat' dir='ltr'>ecclesiam</span> <span class='ocrx_word' id='word_1_221' title='bbox 853 3963 1151 4036; x_wconf 87' lang='lat' dir='ltr'>Cantuariensem,</span> 
     </span>
    </p>
   </div>
   <div class='ocr_carea' id='block_1_7' title="bbox 389 4183 1023 4323">
    <p class='ocr_par' dir='ltr' id='par_1_7' title="bbox 389 4183 1023 4323">
     <span class='ocr_line' id='line_1_36' title="bbox 389 4183 936 4254; baseline 0 -21"><span class='ocrx_word' id='word_1_222' title='bbox 389 4249 392 4254; x_wconf 26' lang='grc' dir='ltr'>Ι</span> <span class='ocrx_word' id='word_1_223' title='bbox 423 4183 430 4214; x_wconf 79' lang='lat'>¹</span> <span class='ocrx_word' id='word_1_224' title='bbox 448 4183 623 4246; x_wconf 59' lang='lat' dir='ltr'>Edroicensis]</span> <span class='ocrx_word' id='word_1_225' title='bbox 640 4183 678 4233; x_wconf 84' lang='lat' dir='ltr'>of</span> <span class='ocrx_word' id='word_1_226' title='bbox 688 4184 812 4244; x_wconf 88' lang='lat' dir='ltr'>Ebroicae,</span> <span class='ocrx_word' id='word_1_227' title='bbox 824 4184 936 4234; x_wconf 80' lang='lat' dir='ltr'>Evreux.</span> 
     </span>
     <span class='ocr_line' id='line_1_37' title="bbox 978 4280 1023 4323; baseline -0.022 0"><span class='ocrx_word' id='word_1_228' title='bbox 978 4290 991 4323; x_wconf 82' lang='grc' dir='ltr'>ι</span> <span class='ocrx_word' id='word_1_229' title='bbox 1008 4280 1023 4322; x_wconf 79' lang='lat'><strong>2</strong></span> 
     </span>
    </p>
   </div>
   <div class='ocr_carea' id='block_1_8' title="bbox 0 0 1466 4866">
    <p class='ocr_par' dir='ltr' id='par_1_8' title="bbox 0 0 1466 4866">
     <span class='ocr_line' id='line_1_38' title="bbox 0 0 1466 4866; baseline 0 0"><span class='ocrx_word' id='word_1_230' title='bbox 0 0 1466 4866; x_wconf 95' lang='lat' dir='ltr'> </span> 
     </span>
    </p>
   </div>
  </div>
 </body>
</html>
