2918 4866
357 399 400 464 54
616 410 618 415 ·
728 411 937 462 cunarucou
1031 413 1033 420 ·

197 593 288 682 3¹33„
359 567 477 640 omnes
505 580 635 638 autem*
653 568 754 658 pen‘c'
772 567 1053 638 Normannorum
1077 568 1239 655 majores,
1263 574 1307 638 ad

199 692 333 742 normands:
359 676 434 760 ejus
466 674 654 740 adveutum
678 681 796 759 spreto
825 672 974 750 comite,
994 673 1134 738 domino
1164 691 1240 750 suo,
1272 681 1307 738 ct

198 743 313 783 brlbcsthu
611 775 618 791 .
858 775 866 790 .

198 793 283 840 noum
359 772 426 841 fide
457 796 562 858 quam
589 795 620 840 er
648 774 830 852 debebant,
849 794 891 837 -1n
918 791 1047 838 aurum
1065 780 1101 838 et
1126 780 1308 855 argentum

358 875 462 959 regis,
486 877 579 960 quod
598 876 673 959 ipse
696 874 739 940 dc
752 873 892 958 ‘Anglia
915 874 1000 938 illuc
1017 879 1231 958 portaverat,
1251 892 1308 938 cu-

359 983 550 1054 currerunt,
577 977 677 1059 eique
698 982 826 1053 castra,
848 974 1066 1057 munitaeque
1090 974 1251 1038 civitates
1274 982 1309 1039 et

198 1092 286 1180 mx
293 1139 336 1178 md
359 1078 462 1142 urbes
477 1075 704 1141 tradiderunt.
743 1075 810 1140 Ille
828 1094 910 1141 vcro
931 1075 1052 1154 Baius,
1068 1093 1147 1140 cum
1161 1074 1308 1139 ccclesia

198 1150 333 1230 effecum
360 1177 396 1243 S.
413 1176 549 1255 Mariee,
567 1196 644 1260 quae
665 1177 760 1241 intus
785 1183 872 1253 erat,
894 1175 1093 1255 combussit,
1108 1182 1143 1240 et
1160 1173 1308 1239 Cathum

199 1289 327 1384 {mv
360 1270 459 1342 fratri
481 1297 545 1343 suo
571 1277 727 1353 abstulit,
747 1282 783 1340 et
804 1284 884 1359 post
904 1275 1068 1358 Angliam
1093 1275 1205 1353 rediit,
1225 1275 1309 1358 quia

232 1351 247 1390 ⁸
361 1376 612 1443 Normanniam
628 1377 693 1442 sibi
710 1385 820 1443 totam
834 1376 1254 1461 subjugarenequivcrat,
1268 1383 1309 1440 ut

359 1479 543 1562 copiosiori
565 1469 712 1562 pecunia
731 1479 849 1556 fretus,
872 1477 1007 1542 rediens
1024 1496 1115 1541 auno
1138 1477 1309 1559 sequenti,

359 1580 452 1663 quod
470 1579 644 1645 residuum
666 1585 752 1655 erat,
775 1578 997 1642 exhaeredato
1018 1577 1125 1641 fratre
1144 1595 1221 1653 suo,
1242 1578 1308 1640 sibi

359 1680 557 1764 subjiceret.
604 1679 729 1745 Comes
746 1679 943 1744 Willelmus
960 1677 1003 1743 dc
1022 1677 1215 1754 Moreteon,
1233 1679 1310 1741 abi-

359 1799 496 1864 cunque
518 1781 644 1865 potuit,
666 1779 784 1846 nocuit
810 1781 913 1844 rebus
935 1787 970 1844 et
990 1777 1185 1842 hominibus
1205 1778 1309 1859 regis,

359 1889 501 1964 propter
509 1881 674 1946 honorem
685 1899 909 1964 suum,quem
918 1878 1114 1962 perdiderat
1122 1879 1158 1942 in
1170 1876 1309 1959 Anglie.

211 1986 272 2027 AD·
285 1988 340 2028 1¹⁰⁶·
405 1981 597 2046 Rotbertus
608 1999 723 2046 comes
738 1979 1068 2045 Normanniaevenit
1084 1981 1120 2042 in
1131 1978 1309 2060 Angliam,

198 2054 310 2144 min
361 2087 401 2144 ut
438 2081 638 2164 loqueretur
676 2081 777 2145 fratri
807 2100 869 2145 suo
903 2080 1058 2145 Henrico
1088 2080 1174 2162 regi,
1191 2098 1308 2162 ⁴quem

199 2154 307 2235 ΨΜ·
361 2180 491 2245 invenit
523 2180 613 2264 apud
642 2180 887 2245 Northamtun.
939 2180 1040 2245 Tunc
1069 2196 1185 2245 comes
1217 2198 1309 2262 quae-

361 2280 443 2345 sivit
470 2282 515 2344 ab
538 2301 578 2345 eo
602 2288 642 2345 ut
665 2279 825 2345 redderet
853 2280 918 2345 sibi
947 2297 989 2344 ca
1018 2299 1096 2364 quee
1126 2288 1309 2362 acceperat

361 2399 465 2464 super
480 2381 608 2446 eumin
624 2380 861 2461 Normannia3
879 2381 942 2444 cui
963 2399 1024 2444 rex
1040 2380 1156 2445 omnia
1172 2386 1310 2444 contra·

362 2480 470 2556 dixit3
512 2499 619 2563 quare
656 2501 769 2546 comes
808 2482 918 2545 iratus
953 2481 1104 2558 recessit,
1142 2486 1177 2545 ct
1214 2500 1309 2544 mare

199 2583 345 2674 ,Atgfndmffl
362 2581 531 2647 transivit.
584 2581 628 2645 In
653 2579 765 2664 prima
793 2588 908 2646 autem
930 2580 1307 2664 septimanaQuadra·

362 2681 514 2763 gesimee,
530 2697 578 2745 v1.
600 2681 697 2759 seria,
720 2698 799 2746 xw.
812 2681 889 2746 kal.
906 2681 1026 2746 Martii
1050 2680 1108 2763 [16
1136 2680 1249 2767 Feb.],
1272 2682 1308 2745 in

361 2794 519 2864 vespera,
543 2790 685 2847 ostensa
713 2789 766 2847 cst
791 2781 949 2868 quaedam
972 2781 1113 2846 insolita
1134 2781 1249 2859 stella,
1273 2791 1309 2846 et

361 2901 424 2964 per
446 2900 537 2946 xxv.
553 2883 639 2960 dies,
656 2881 777 2948 eodem
796 2883 897 2947 modo
914 2882 1102 2965 cademque
1118 2881 1216 2960 hora,
1232 2882 1308 2948 visa

360 2989 416 3046 est
443 2973 558 3047 lucere
583 2984 675 3047 iuter
699 2991 855 3048 austrum
884 2989 919 3047 ct
945 2983 1170 3048 occidentem:
1200 3001 1309 3065 parva

360 3083 451 3146 enim
475 3084 549 3148 visa
572 3090 626 3146 est
649 3090 684 3147 et
711 3084 868 3160 obscura,
894 3082 954 3147 sed
981 3077 1155 3165 splendor,
1175 3083 1235 3165 qui
1265 3083 1308 3148 de

361 3201 403 3247 ca
439 3184 561 3261 exivit,
584 3182 686 3247 valde
721 3190 796 3248 erat
817 3184 951 3260 clarus,
982 3190 1018 3248 et
1036 3198 1038 3202 ⁴
1055 3183 1156 3265 quasi
1186 3183 1307 3264 ingens

358 3283 477 3346 trabes
509 3284 552 3347 de
580 3282 739 3346 orientali
766 3291 801 3348 et
833 3282 1020 3366 aquilonali
1045 3289 1144 3364 parte
1168 3282 1309 3346 claritas

360 3382 504 3462 ingessit
518 3402 556 3447 sc
570 3382 606 3444 in
622 3383 766 3446 eandem
783 3383 932 3447 stellam.
945 3399 948 3407 ’
984 3382 1134 3461 Quidam
1148 3381 1309 3447 dixerunt

360 3500 398 3544 se
413 3481 530 3564 plures
548 3482 706 3546 insolitas
721 3482 840 3546 stellas
854 3501 896 3546 co
915 3491 1069 3566 tempore
1085 3483 1223 3547 vidisse.
1236 3480 1239 3487 “
1263 3483 1308 3547 In

199 3587 341 3628 Tmen·-
361 3581 473 3647 Coena
492 3591 608 3647 autem
629 3583 770 3646 Domini
784 3591 885 3648 nocte
900 3583 984 3648 visae
1006 3589 1087 3648 sunt
1107 3583 1186 3646 duee
1202 3581 1310 3662 lunae,

361 3683 466 3764 paulo
489 3691 570 3773 ante
594 3683 695 3760 diem,
719 3701 787 3746 uua
811 3684 847 3746 in
868 3684 1010 3759 oriente,
1031 3683 1140 3748 altera
1158 3683 1194 3746 in
1215 3684 1308 3749 ‘occi-

358 3769 475 3860 dente,
497 3790 533 3846 et
552 3790 699 3866 utraque
719 3784 834 3866 plena,
849 3790 883 3847 et
901 3790 975 3847 crat
991 3802 1031 3847 eo
1048 3784 1103 3847 die
1117 3799 1195 3847 Χῐν.
1213 3783 1307 3850 luna.

361 3883 442 3962 Quo
468 3904 563 3948 anno
584 3883 680 3949 saeta
700 3891 753 3950 est
779 3882 881 3947 nimis
907 3884 1110 3948 execrabilis
1131 3885 1309 3949 contentio

321 4002 325 4011 ’
360 3985 451 4051 inter
474 3986 716 4069 imperatorem
739 3983 781 4047 do
804 3981 1011 4048 Alemannis
1033 3983 1198 4048 etlilium
1221 3982 1307 4068 ejus.

195 4089 339 4177 ssssssffl
361 4084 441 4148 Rex
456 4085 652 4165 Anglorum
668 4083 865 4161 Heinricus,
887 4091 968 4149 ante
990 4082 1189 4167 Augustum
1213 4104 1308 4149 men·

196 4187 327 4238 *tamuda
357 4203 430 4248 sem
454 4184 614 4248 transivit
635 4203 741 4261 mare,
762 4184 891 4249 vadens
917 4186 952 4249 in
972 4183 1236 4262 Nor-manniam,
1250 4186 1307 4250 cul
