2918 4866
348 389 392 452 84
595 399 845 449 commortuo
869 399 1045 447 canorum

396 562 493 626 Idem
512 560 712 637 cardinalis,
728 559 851 622 relicta
876 558 1019 639 Anglia,
1048 552 1301 621 Normanniam

188 681 242 729 Abu
245 680 338 719 waram
353 662 460 736 vadit,
478 681 519 724 ac
534 662 669 724 demum
689 660 876 723 revertitur
892 658 1054 721 Romam.
1058 656 1068 690 ¹
1102 657 1301 722 Willelmus

189 735 270 820 iffi?
352 781 490 846 quoque
530 760 823 843 archiepiscopus,
861 758 1082 822 considerans
1120 758 1301 821 ecclesiam

352 863 450 942 regni
465 859 658 943 Anglornm
673 861 710 923 in
733 858 887 923 ecclesiae
906 856 1174 921 Cantwariensis
1190 858 1302 921 hurni-

353 962 497 1025 liatione
524 961 625 1041 gravi
646 959 811 1022 scandalo
834 965 1103 1033 consternatam,
1119 958 1246 1022 transit
1268 965 1304 1021 et

354 1063 429 1144 ipse
448 1080 559 1136 mare,
576 1060 726 1125 Romam
748 1059 874 1134 iturus,
896 1059 999 1121 rebus
1015 1077 1094 1139 quae
1118 1077 1186 1121 non
1203 1077 1303 1139 aeque

355 1168 609 1243 processerant,
628 1179 671 1222 nc
694 1159 770 1241 pari
785 1157 1040 1223 exorbitatione
1058 1157 1207 1239 amplius
1219 1177 1303 1239 pro-

355 1261 529 1336 cederent,
547 1279 648 1342 opem
668 1278 731 1341 pro
759 1277 862 1340 posse
884 1257 1032 1321 laturus
1085 1257 1193 1321 Venit
1218 1277 1303 1339 ergo

357 1359 519 1437 Romam,
542 1358 578 1423 et
606 1359 649 1421 ab
683 1358 853 1434 Honorio,
876 1376 1010 1420 summo
1042 1357 1216 1438 pontifice,
1243 1358 1304 1439 qui

358 1458 499 1524 Calixto
529 1465 755 1535 successerat,
790 1457 977 1522 honorifice
1007 1465 1190 1539 susceptus
1224 1464 1301 1532 est;

194 1577 212 1615 n
221 1574 334 1625 ariolator
357 1561 414 1623 cui
445 1560 536 1623 idern
569 1558 783 1641 apostolicus
812 1558 906 1621 vices
935 1575 1017 1620 snas
1044 1557 1080 1619 in
1104 1556 1235 1636 Anglia
1270 1565 1305 1621 et

192 1627 227 1674 leg
228 1626 278 1665 atei
280 1635 294 1664 n

195 1638 343 1724 nudandam
359 1658 493 1723 Scottia
526 1659 711 1735 commisit,
734 1665 770 1722 et
801 1656 1003 1739 apostolicae
1033 1657 1125 1720 sedis
1151 1656 1305 1738 legatum

193 1727 301 1767 ⁸⁰⁰t¹⁵⁰d
359 1760 551 1824 constituit

204 1877 230 1914 Δ
238 1876 265 1914 1>
275 1877 332 1915 112⁶
411 1859 492 1923 Rex
515 1858 710 1940 Anglorum
734 1858 921 1923 Heinricus
944 1856 1109 1938 Angliam
1136 1877 1307 1935 reversus,

195 1943 370 2033 {¹553ssssss
360 1981 397 2022 rn
421 1960 456 2022 N
459 1960 617 2023 atrvrtate
641 1959 782 2022 Domini
801 1959 860 2039 [25
874 1958 979 2039 Dec]
998 1959 1128 2022 curiam
1151 1978 1250 2021 suam
1270 1959 1307 2021 in

196 2043 302 2083 ΜΝ
361 2068 476 2122 castro
495 2059 586 2140 quod
601 2058 843 2122 Windleshora
859 2064 1005 2120 vocatur
1019 2057 1119 2122 diviti
1133 2066 1305 2141 apparatu

361 2158 567 2231 celebravit;
596 2164 631 2221 et
653 2158 736 2221 illue
756 2157 862 2220 totius
884 2158 983 2238 regni
1004 2157 1220 2221 nobilitatem
1243 2177 1308 2221 sua

197 2277 336 2366 fflffi,
360 2258 539 2320 sanctione
562 2256 739 2321 adunavit
793 2256 862 2320 Ubi
880 2276 958 2320 cum
986 2257 1214 2321 Eboracensis
1236 2258 1309 2340 epi-

199 2378 274 2418 nater
362 2376 500 2438 scopus,
512 2377 545 2420 rn
557 2357 758 2439 aequalitate
768 2356 1017 2439 arehieprscopr
1027 2355 1308 2434 Cantwarrcnsrs,

363 2477 478 2538 regem
512 2457 617 2520 vellet
647 2476 826 2533 coronare,
857 2456 1017 2538 exemplo
1051 2463 1308 2521 antecessorum

363 2576 516 2633 suorum,
528 2557 662 2639 judicio
685 2557 836 2621 omnium
860 2556 1018 2640 repulsus
1036 2563 1100 2632 est,
1119 2563 1154 2620 et
1169 2558 1213 2621 ad
1230 2576 1309 2620 eum

363 2676 526 2720 coronam
555 2658 653 2738 regni
678 2657 763 2721 nihil
788 2657 961 2740 pertinere
976 2676 1046 2719 una
1061 2657 1213 2720 omnium
1230 2675 1308 2720 sen-

364 2758 474 2821 tentia
502 2759 717 2821 concorditer
738 2757 985 2840 promulgavit.
1039 2755 1148 2820 Lator
1169 2752 1311 2839 insuper

363 2857 487 2933 crucis,
505 2877 608 2938 qnam
626 2857 662 2920 in
680 2859 772 2938 regis
795 2856 929 2939 capella
951 2875 989 2919 se
1011 2876 1127 2920 coram
1145 2857 1227 2920 fecit
1249 2857 1310 2920 de-

363 2955 457 3032 ferri,
488 2964 591 3020 extra
623 2957 790 3039 capellam
824 2975 901 3021 cnm
935 2974 1037 3020 cruce
1070 2957 1202 3039 ejectus
1234 2965 1309 3020 est:

359 3055 493 3138 judicio
511 3057 602 3119 enim
619 3058 859 3139 episcoporum
875 3064 910 3120 et
927 3075 1144 3138 quorumque
1161 3057 1311 3138 pruden-

365 3155 452 3218 tium
468 3156 720 3220 ecclesiasticas
742 3156 837 3238 leges
861 3156 1041 3220 scientium
1058 3150 1241 3237 probatum
1258 3164 1312 3221 est

364 3274 405 3318 ac
421 3250 635 3332 roboratum,
658 3256 744 3319 nulli
769 3255 1000 3337 metropolitae
1016 3263 1117 3320 extra
1135 3256 1311 3320 dioecesim

203 3377 331 3426 moratos
332 3388 342 3417 r
364 3375 463 3418 suam
476 3375 610 3419 crucem
622 3353 748 3419 licere⁹
763 3356 852 3419 ferre
868 3364 948 3419 ante
959 3375 1007 3419 se
1054 3355 1180 3419 Finitis
1191 3356 1312 3420 diebus

202 3429 342 3527 :diffidis
364 3455 610 3532 festivioribus,
624 3476 687 3519 rex
698 3475 739 3520 ac
752 3462 827 3519 tota
840 3475 917 3537 quae
931 3456 1149 3519 confluxerat
1160 3456 1313 3537 dignitas

203 3534 225 3568 ²⁰
238 3529 351 3570 mm*
364 3555 462 3636 regni
481 3554 699 3619 Lundoniam
725 3555 830 3630 vadit,
852 3555 968 3638 ibique
984 3555 1062 3619 ad'
1048 3575 1185 3638 jussum
1207 3557 1313 3638 regis,

365 3654 563 3718 Willelmus
591 3655 870 3738 archiepiscopus
896 3663 932 3719 et
962 3577 1116 3719 eccchsiae
1144 3656 1313 3721 Romanae

365 3755 513 3837 legatuS,
553 3756 739 3837 caeterique
773 3752 932 3837 Anglicae
969 3755 1119 3838 regionis
1155 3748 1315 3839 ‘episcopi

367 3875 497 3932 omncs,
508 3875 586 3919 cum
599 3849 813 3938 principibus
832 3862 932 3919 terrae
943 3855 1066 3937 ipsius,
1076 3856 1142 3919 fide
1153 3863 1315 3920 etsacra-

405 4115 700 4177 memorabamus]
718 4115 828 4165 Domum
890 4117 1023 4180 Ἥκω]
1053 4117 1086 4166 So
1114 4118 1176 4167 edit.
1204 4118 1320 4180 ‘facere,'

372 4191 509 4240 revestitur.
525 4188 556 4238 L.
857 4187 887 4235 C.
899 4187 930 4235 L.
