2918 4866
432 393 623 441 rnonnnrn
652 393 934 442 wiconrunnsis.
1086 381 1151 442 145

202 549 399 614 vulneravit
434 551 600 615 christum
630 553 792 626 Domini;
827 552 1028 616 extenderat
1059 553 1148 615 enim

200 649 289 714 idem
322 651 467 715 clericus
498 652 676 715 brachium
702 671 805 734 snper
832 660 937 733 caput
961 653 1084 734 patriS,
1111 663 1149 716 ut

201 749 362 814 lerientes
397 752 585 833 exciperet,
614 751 669 815 vel
700 754 817 833 potius
853 752 994 816 elideret
1030 754 1148 816 ictum.

202 848 326 913 Stabat
352 850 463 914 adhuc
487 850 606 935 justus
632 871 695 933 pro
715 850 853 935 justitia
880 853 1027 933 patienS,
1054 853 1150 915 velut

201 969 313 1030 agnus
337 952 513 1027 innocens,
532 952 606 1014 sine
629 971 814 1026 murmure,
835 952 909 1014 sine
923 953 1148 1033 querimonia,

202 1057 236 1113 et
263 1051 414 1132 seipsum
438 1050 677 1114 holocaustum
702 1051 867 1115 offerebat
890 1052 1050 1115 Domino.
1102 1050 1149 1115 Et

201 1169 244 1215 ne
276 1151 354 1232 quis
380 1151 596 1214 funestorum
623 1151 811 1214 satellitum
840 1151 970 1215 intacto
999 1150 1148 1233 praesule

170 1249 405 1326 ⁴inscelestus
441 1251 541 1331 argui
581 1251 702 1332 possit,
746 1249 916 1314 secundus
951 1257 987 1314 et
1025 1250 1147 1314 tertius

202 1348 336 1430 gladios
363 1369 445 1414 suos
463 1351 583 1413 vertici
605 1351 795 1414 constantis
820 1350 960 1414 athletae
985 1351 1149 1414 atrociter

199 1448 384 1526 illiserunt,
414 1449 668 1531 confregerunt,
685 1457 719 1513 et
737 1451 886 1531 Spiritus
913 1450 1032 1512 Sancti
1047 1451 1148 1513 victi-

202 1567 293 1611 mam
316 1550 506 1613 solotenus
524 1551 849 1631 praecipitaverunt3
874 1547 1036 1631 quartus¹
1054 1568 1148 1624 vero,

201 1647 385 1731 plusquam
415 1648 531 1713 furiali
570 1648 774 1713 crudelitate
809 1648 1052 1725 debacchatus
1074 1648 1147 1731 jam

202 1755 376 1829 prostrato
392 1755 426 1811 et
443 1748 519 1832 jam
536 1749 712 1830 expiranti
737 1767 899 1812 coronam
925 1748 1062 1811 rasilem
1089 1749 1150 1810 ab·

202 1847 318 1924 scidit,
344 1855 380 1912 et
405 1855 531 1912 testam
555 1849 679 1930 capitis
703 1847 904 1930 dissipavit;
928 1854 963 1910 et
988 1867 1149 1912 mucrone

203 1949 323 2011 vertici
354 1949 500 2024 intruso,
532 1949 709 2012 cerebrum
745 1968 822 2011 cum
848 1948 1016 2028 sanguine
1046 1967 1150 2029 super

202 2048 434 2127 pavimentum
454 2048 625 2130 lapideum
642 2046 772 2111 effudit.
826 2047 952 2129 Itaque
966 2047 1149 2111 inchoante

201 2148 347 2228 septimo
363 2167 453 2211 anno
465 2148 561 2211 exilii
577 2149 642 2225 sui,
655 2147 821 2229 praefatus
837 2154 969 2230 martyr
984 2146 1149 2225 Thomna,

203 2266 266 2328 pro
292 2248 369 2328 lege
397 2248 465 2311 Dei
489 2248 544 2311 sui
567 2256 601 2312 et
630 2266 693 2330 pro
716 2247 870 2311 ecclesiae
895 2248 1149 2331 justitiaque

203 2353 277 2410 tota
303 2347 375 2410 fere
402 2347 596 2429 deperierat
622 2349 658 2410 in
684 2345 879 2429 Anglicana
902 2347 1060 2424 ecclesia,
1075 2367 1148 2410 cer-

202 2447 292 2510 tavit
308 2447 475 2529 usquead
491 2456 646 2522 mortem,
665 2456 700 2511 et
717 2467 739 2510 a
751 2448 863 2511 verbis
881 2448 1063 2529 impiorum
1079 2468 1149 2512 non

203 2546 318 2610 timuit
331 2567 339 2625 ;
363 2546 423 2611 sed
441 2546 604 2610 fundatus
618 2565 725 2629 supra
740 2546 874 2623 firmam
888 2554 1035 2628 petram,
1045 2547 1079 2609 id
1096 2554 1150 2610 est

205 2644 392 2722 Christum,
408 2666 471 2730 pro
486 2646 616 2710 Christi
632 2646 780 2721 nomine,
795 2647 830 2709 in
847 2647 993 2710 ecclesia
1009 2645 1150 2722 Christi,

204 2745 329 2825 gladiis
354 2746 586 2829 profanorum,
610 2746 731 2828 quinta
756 2745 812 2808 die
828 2745 969 2809 Natalis
996 2745 1149 2822 Domini,

204 2843 240 2906 id
256 2853 308 2909 est
325 2847 476 2911 crastino
496 2846 733 2910 Innocentium
752 2846 810 2928 [29
826 2846 942 2927 Dec.],
961 2846 1035 2926 ipse
1052 2845 1150 2907 inno-

204 2965 285 3008 cens
312 2946 484 3010 0ccubuit.
537 2946 636 3008 Tunc
660 2965 790 3022 omneS,
808 2944 928 3008 relicto
955 2945 1027 3020 illo,
1052 2944 1150 3007 aufu-

205 3053 341 3127 gerunt,
353 3053 392 3109 ut
408 3044 654 3128 adimpleretur
668 3044 760 3126 quod
778 3045 942 3126 scriptum
961 3052 1024 3119 est,
1039 3049 1052 3088 ·‘
1065 3042 1149 3106 Per-

204 3164 305 3209 cusso
323 3154 464 3226 pastore
483 3145 724 3230 dispergentur
746 3144 851 3207 oves?
904 3143 1037 3206 Milites
1054 3163 1149 3220 vero,

206 3245 264 3324 qui
280 3245 366 3308 illud
387 3246 567 3327 profanum
591 3264 680 3327 opus
705 3250 1002 3326 perpetraverunt,
1018 3262 1151 3324 regres-

206 3363 282 3406 sum
312 3365 413 3408 sunm
443 3345 598 3408 lecerunt
630 3364 692 3426 per
717 3343 891 3408 stabulum
921 3343 1095 3427 martyria,
1119 3353 1154 3406 et

206 3462 313 3525 equos
329 3444 405 3528 ejus
428 3451 666 3520 extraxerunt,
689 3463 777 3526 qnos
797 3443 864 3526 ipsi
889 3444 981 3506 inter
1006 3462 1043 3506 se
1070 3442 1154 3505 divi-

205 3551 335 3621 serunt,
366 3552 470 3627 prout
507 3546 557 3607 eis
589 3544 741 3627 placuit:
773 3543 832 3625 qui
858 3543 989 3619 statim,
1018 3542 1154 3623 profani

204 3644 319 3725 operis
347 3646 407 3707 sui.
428 3645 569 3718 conscii,
596 3653 631 3707 et
655 3643 698 3705 de
725 3643 826 3705 venia
852 3641 1085 3723 desperantes,
1109 3641 1153 3704 ad

204 3744 335 3807 curiam
368 3745 460 3825 regis
501 3743 592 3806 unde
629 3748 794 3806 venerant
831 3741 943 3804 redire
976 3761 1043 3804 non
1079 3741 1154 3803 ausi

205 3842 352 3920 fuerant,
368 3844 427 3907 sed
451 3845 484 3907 in
510 3840 740 3907 occidentales
763 3839 902 3920 Angliae
915 3847 1031 3921 partes
1046 3858 1155 3902 seces-

204 3952 333 4033 serunt,
349 3964 460 4027 usque
477 3943 521 4007 ad
547 3942 838 4022 Cnaresburgam‚
855 3939 972 4002 villam
989 3939 1155 4019 Hngonis

363 4164 371 4196 ¹
392 4166 522 4229 Quartae]
542 4165 623 4226 Hugh
634 4165 666 4213 de
679 4164 790 4227 Horsey.
827 4163 900 4213 Grim
911 4168 939 4212 nt
949 4178 1002 4226 sap.

255 4285 341 4331 ΊὈΜ.
358 4283 397 4330 ΙΙ.
983 4278 1003 4325 b
