2918 4866
368 398 560 450 rnounurn
587 396 867 452 wroomunusrs.
1027 382 1097 452 265

142 565 252 625 totam
275 559 453 624 civitatem
478 561 679 637 distractus,
704 562 839 624 demum
866 561 992 644 laqueo
1018 580 1095 626 sus-

144 679 272 742 pensus
294 661 436 725 interiit.
489 660 533 726 In
557 660 730 743 quindena
753 660 898 725 Paschae
928 663 966 744 [6
991 659 1094 746 Apa]

142 779 247 842 super
264 769 426 842 compoto
441 760 500 826 W.
519 760 561 825 do
585 760 755 839 Redbam,
772 762 984 826 vicecomitis
1001 761 1094 826 Nor-

144 859 236 923 folch
265 866 300 923 et
322 860 487 938 Suffolcb,
516 861 676 925 allocatae
699 860 838 925 fuerunt
861 869 967 926 cartae
992 863 1094 926 liber-

144 967 257 1024 tatum
284 967 480 1026 nostrarum
512 961 556 1024 ad
589 962 814 1037 scaccarium,
848 961 1096 1044 libertatesque

141 1058 177 1123 in
209 1060 278 1123 illis
309 1061 414 1124 cartis
444 1067 627 1139 contentae,
660 1080 738 1144 quae
763 1061 931 1125 hactenus
958 1073 1094 1126 reman-

142 1167 260 1224 serant
275 1160 488 1237 indiscussae,
505 1161 659 1233 ecclesiae
682 1168 810 1225 nostrae
832 1162 869 1224 in
888 1168 1094 1244 perpetuum

142 1260 334 1324 extiterunt
363 1258 583 1344 adjudicatae.
611 1305 614 1311 -
654 1260 856 1344 Cujusmodi
888 1269 970 1326 sunt
999 1280 1093 1326 com·

143 1359 261 1424 munia
294 1361 559 1424 amerciamenta
591 1360 626 1422 in
659 1360 782 1425 itinere
812 1360 1094 1444 justitiariorum,

142 1465 213 1523 tam
244 1460 286 1523 de
318 1460 489 1542 homagiis
516 1461 643 1524 nostris
670 1480 774 1545 quam
805 1462 927 1525 alienis
952 1463 1094 1545 quibus-

143 1579 292 1642 cunque,
314 1560 405 1624 intra
430 1561 633 1625 libertatem.
687 1561 742 1624 De
764 1562 892 1624 nostris
913 1581 996 1626 vero
1020 1564 1094 1626 ubi·

143 1679 279 1743 cunque
301 1661 464 1737 inventis,
490 1660 674 1738 murderia,
690 1667 839 1739 vastum,
863 1662 952 1725 diem
976 1670 1011 1727 et
1033 1682 1094 1726 an-

144 1779 238 1836 num,
256 1779 363 1842 quare
387 1781 455 1825 non
470 1761 575 1838 venit,
596 1779 703 1844 quare
727 1761 912 1843 sepeliunt,
928 1763 1095 1828 amercia-

144 1867 261 1924 menta
276 1861 379 1924 etiam
402 1860 576 1925 hominnm
599 1868 795 1925 nostrorum
816 1881 930 1925 coram
954 1864 1094 1944 quibus·

144 1979 279 2042 cunque
301 1960 499 2044 justitiariis
524 1962 616 2043 regis
646 1962 914 2043 assignatorum,
943 1981 1094 2044 quocun-

144 2080 213 2142 que
227 2060 382 2125 locorum
401 2061 540 2127 fuerunt
562 2061 751 2148 amerciati,
769 2062 910 2140 catalla,
931 2062 1094 2127 seloniurn

145 2168 181 2224 et
216 2160 451 2243 fugitivorum,
485 2181 613 2225 annum
649 2168 684 2226 et
718 2169 869 2240 vastum,
904 2169 938 2226 et
970 2170 1096 2228 caetera

146 2259 364 2344 hujusmodi;
391 2281 496 2325 unum
524 2262 656 2339 statim,
679 2261 723 2324 de
750 2259 804 2325 his
828 2281 906 2345 quae
928 2262 1095 2327 hactenus

145 2360 345 2437 extiterant,
360 2361 508 2427 indivisa
522 2380 579 2426 nc.
598 2369 634 2426 et
649 2377 712 2425 xa.
729 2362 806 2427 libr.
823 2363 939 2426 abbati
955 2363 1094 2427 fuerunt

143 2460 311 2525 allocatae.

190 2560 458 2626 Occurrentibus
482 2563 619 2628 domino
640 2564 713 2644 regi
737 2560 874 2644 Angliae
895 2563 1201 2671 proceribusgefgffiu

147 2663 244 2741 regui
267 2661 406 2740 Scotiae,
429 2670 533 2746 prout
555 2683 646 2728 anno
666 2663 874 2745 praecedenti
896 2663 1093 2727 condictum

144 2759 271 2840 fuerat,
298 2763 333 2825 in
362 2765 515 2829 crastino
541 2765 576 2829 S.
599 2764 780 2829 Trinitatis
811 2760 849 2846 [2
873 2761 974 2849 Jun.]
1002 2762 1093 2845 apud

146 2860 348 2944 Berewych,
371 2863 413 2927 de
435 2865 576 2946 negotio
602 2865 699 2944 regni
722 2862 859 2939 Scotiae,
887 2882 942 2925 res
966 2868 1019 2925 est
1044 2863 1095 2925 ita

97 2975 99 2978 ⁴
147 2961 341 3042 protelata3
377 2964 467 3045 quod
491 2964 528 3026 in
551 2964 723 3046 quindena
749 2963 784 3026 S.
808 2961 992 3026 Michaelis
1016 2981 1096 3044 pro-

144 3060 241 3125 ximo
274 3063 518 3146 subsequentis
550 3065 642 3141 anni,
671 3076 733 3146 per
761 3063 953 3126 antedictos
987 3061 1095 3143 ipsius

147 3162 277 3243 negotii
300 3163 460 3241 arbitroS,
478 3170 539 3227 aut
561 3164 664 3227 alicui
686 3168 790 3226 certae
812 3180 968 3244 personae
986 3161 1095 3243 ipsius

147 3263 246 3342 regni
257 3263 445 3326 dominium
455 3264 722 3348 adjudicabitur,
737 3268 798 3326 aut
815 3261 857 3326 ad
873 3262 984 3343 ipsius
999 3262 1095 3343 regni

146 3362 298 3442 regimen
327 3383 390 3444 per
416 3364 507 3445 regis
525 3361 663 3445 Angliae
685 3361 991 3427 considerationem
1015 3381 1095 3443 pro-

149 3461 331 3526 videbitur.
376 3462 607 3528 Venientibus
634 3463 741 3546 igitur
770 3482 811 3527 eo
843 3469 997 3545 tempore
1016 3461 1096 3524 illis

141 3563 306 3643 superius
329 3563 523 3643 nominatis,
548 3565 672 3646 quibus
696 3562 782 3626 illud
802 3562 977 3644 negotium
1002 3581 1096 3624 com·

147 3662 289 3725 missum
304 3662 419 3726 fuerat
435 3663 699 3754 discutiendum,
715 3681 785 3725 una
807 3681 883 3726 cum
902 3661 1012 3729 tribus
1026 3660 1096 3724 illis

145 3762 315 3843 partibus
324 3763 484 3845 superius
507 3763 723 3827 nominatis
713 3782 749 3825 m
766 3781 873 3843 regno
891 3760 1050 3825 Scotiae
1035 3778 1095 3842 jus

145 3861 211 3924 sibi
239 3863 503 3939 vindicantibus,
541 3863 644 3945 plane
674 3863 937 3926 determinatum
970 3867 1022 3922 est
1051 3859 1095 3922 ab
1107 3875 1224 3966 mu

145 3961 289 4039 eisdem,
305 3963 520 4026 dominorum
540 3962 587 4028 R
604 3957 1216 4072 1111131113οὶῶᾱοΗαεῑὶηςὲιιιιιὲω

146 4062 354 4127 calumniam
369 4063 502 4126 irritam
519 4081 595 4126 esse
610 4063 734 4126 debere
750 4061 810 4125 et
801 4079 950 4137 manem,
967 4058 1095 4141 unique
1107 4027 1200 4126 adda,

146 4160 170 4227 J
172 4161 300 4227 obanm
322 4163 367 4227 de
388 4162 553 4246 Baylloll,
573 4169 742 4246 tanquam
760 4159 932 4243 sanguino
952 4157 1094 4243 propin·
