2918 4866
425 391 617 440 rnounnru
645 392 923 442 wrcoaruunsrs
1085 378 1150 444 221

199 545 360 610 Mariam.
414 548 494 612 Rex
512 568 631 626 omues
653 548 677 613 J
680 549 798 613 udaeos
813 557 848 614 et
864 549 1033 632 quosdam
1052 550 1152 615 Chri·
1163 564 1273 605 Jemnd

1165 615 1238 654 others

199 647 344 720 stianos‚
363 647 406 710 de
424 656 609 712 retonsura
631 657 692 712 aut
715 649 786 712 alia
804 658 951 713 monetae
967 649 1151 715 falsatione
1165 664 1289 712 lunrodror

201 746 390 823 ⁰⁰¹¹Vi⁰t⁰⁵³
404 747 486 811 fecit
503 748 680 829 suspendi·
715 747 816 812 Unde
827 748 1018 813 Loudoniae
1033 767 1150 814 caux.
1164 714 1303 804 {ibim

202 851 311 910 etv11.
328 846 444 911 Judaei
460 847 582 910 mortis
593 846 764 929 judicium
778 849 970 914 subierunt.
1001 847 1152 927 Quidam

202 955 318 1010 autem
350 945 508 1027 relegati,
537 946 677 1028 quidam
705 947 811 1026 etiam
839 967 956 1011 eorum
984 956 1153 1031 perpetuo

202 1052 284 1109 sunt
320 1046 451 1109 carceri
481 1044 681 1127 adjudicati,
713 1053 750 1110 et
786 1046 926 1127 quidam
956 1047 992 1110 in
1022 1045 1153 1130 Anglia

200 1152 448 1208 remanserunt.
502 1143 778 1210 Escambiatores
795 1165 935 1228 quoque
957 1154 1019 1210 aut
1034 1167 1152 1213 manu·

200 1245 281 1326 capi
298 1244 465 1325 permisit,
484 1250 545 1307 aut
567 1244 674 1307 salvae
692 1263 754 1326 per
777 1245 855 1309 loca
879 1265 944 1310 sua
971 1245 1153 1329 deputavit
1202 1253 1205 1260 '

203 1343 389 1423 custodiae3
417 1344 488 1427 qui,
505 1343 740 1425 redemptione
762 1345 867 1421 facta,
882 1345 979 1409 liberi
995 1348 1152 1427 permissi

203 1451 285 1507 suut
299 1443 404 1507 abire.
450 1443 494 1506 In
511 1442 604 1507 illius
619 1443 844 1508 discussionis
859 1444 1019 1508 examine
1037 1465 1153 1510 acces·
1165 1459 1239 1508 mesu
1249 1459 1299 1499 ml·-

1165 1509 1211 1548 sion
1221 1509 1244 1548 ol
1250 1510 1308 1549 Jonn

203 1551 325 1608 serunt
348 1543 440 1625 apud
473 1542 640 1607 Sanctum
669 1543 907 1607 Eadmundum
935 1544 1063 1609 domini
1089 1545 1294 1610 «lo-decebam
1362 1577 1364 1581 Δ

1164 1610 1206 1648 and
1217 1609 1295 1648 Walter

203 1641 334 1708 hannes
350 1643 392 1706 de
408 1641 584 1706 Cobebam
599 1642 823 1707 etWalterus
838 1643 881 1706 de
896 1642 1041 1722 Heliuu,
1057 1646 1151 1709 missi
1164 1659 1313 1757 {Qum

203 1761 225 1806 a
246 1743 385 1807 domino
400 1761 493 1824 rege,
511 1749 546 1806 et
564 1750 686 1806 contra
706 1743 884 1806 libertates
905 1743 1059 1808 ecclesiae
1080 1765 1150 1808 rem
1165 1736 1291 1799 sumunda·

205 1850 348 1924 agentes
363 1848 468 1906 antea
482 1841 685 1919 inauditam,
701 1842 786 1906 nulli
809 1842 1021 1907 munimento
1036 1845 1153 1927 papali

205 1942 357 2023 regalius
383 1942 587 2018 deserentes,
616 1941 659 2005 de
687 1941 871 2005 aurifabris
896 1943 988 2006 villae
1014 1952 1049 2007 et
1074 1944 1152 2008 aliis
1201 1955 1203 1959 ’

204 2041 392 2119 indictatis,
407 2040 465 2107 vel
487 2060 548 2122 per
564 2040 793 2123 suspicionem
811 2043 984 2120 arestatis,
1007 2044 1099 2125 apud
1116 2043 1153 2107 la

207 2140 383 2205 Gildhalle
400 2139 576 2224 justitiam
598 2140 743 2205 ulterius
765 2149 961 2219 tenuerunt,
981 2154 1016 2209 et
1040 2162 1151 2207 amer·

207 2242 380 2305 clamenta
402 2240 481 2303 inde
505 2241 743 2322 provenientia
767 2242 863 2323 regio
888 2241 972 2305 fisco
999 2241 1152 2306 adduxe-

207 2348 308 2414 ruut:
344 2341 459 2423 ipsum
486 2341 591 2404 etiam
609 2341 789 2405 sacristam
812 2341 855 2404 ad
883 2341 1152 2425 redemptionem

207 2457 238 2502 c.
253 2460 446 2505 marcarum
461 2439 712 2522 compulerunt.
758 2439 904 2505 Cassata
919 2442 1153 2523 postulatione
1166 2453 1261 2495 Elector
1270 2454 1295 2494 ⁰¹

1165 2507 1203 2545 the
1211 2507 1259 2554 sbp.
1268 2505 1292 2544 ot

205 2539 250 2603 de
266 2539 311 2604 R.
322 2539 499 2617 Burnello‚
513 2539 739 2626 Bathoniensi
750 2548 785 2603 et
796 2540 963 2604 Wellensi
978 2541 1152 2624 episcopo,
1165 2556 1297 2604 canterbuo

1165 2605 1279 2645 srrnulled:

207 2639 313 2717 facta,
337 2640 495 2704 dominus
518 2658 611 2722 papa
631 2638 964 2721 archiepiscopatum
986 2638 1150 2705 cantuar.
1165 2655 1258 2744 pigre

209 2740 357 2803 contulit
382 2738 481 2804 fratri
505 2738 528 2803 J
532 2738 661 2805 ohanni
686 2738 729 2802 de
758 2738 941 2815 Peccham,
968 2738 1012 2802 de
1034 2739 1152 2804 ordine
1165 2715 1283 2844 figis·

208 2839 389 2903 minorum.
442 2839 611 2904 Dominus
638 2856 730 2920 papa
757 2838 904 2902 contulit
927 2838 1292 2952 ³r⁰hiepi⁵⁰⁰'ir⁰.¹¹r¹ii{on

207 2947 328 3022 patum
354 2938 604 3003 Dublinensem
632 2937 731 3001 fratri
755 2937 791 3002 J.
810 2938 852 3003 de
870 2938 1086 3020 Derlington‚
1110 2940 1284 3004 denudetu-

1166 3004 1283 3043 olDubllu.

206 3038 325 3104 ordine
347 3038 622 3122 praedicatorum.
676 3037 818 3102 Mortuo
845 3037 1006 3121 Symoue,
1029 3038 1154 3105 abbate
1166 3052 1274 3152 {iffi

209 3139 243 3202 S.
263 3138 470 3215 Eadmundi,
498 3138 656 3202 dominus
677 3156 740 3200 rex
763 3144 833 3203 tam
856 3135 1047 3219 portionem
1071 3155 1302 3204 con-omerus

209 3246 331 3303 ventus
353 3258 456 3321 quam
478 3238 657 3302 baroniam
675 3237 870 3319 occupavit,
897 3236 988 3319 quod
1014 3237 1152 3318 quidem
1166 3204 1296 3296 dediticii?

208 3338 374 3403 hactenus
396 3338 462 3403 fuit
489 3338 701 3403 inauditum:
729 3356 808 3418 quae
823 3343 1015 3401 conventus
1040 3338 1155 3418 portio

208 3458 271 3502 nec
286 3458 387 3520 prece
405 3457 469 3502 nec
488 3438 600 3520 pretio
616 3437 660 3501 ab
682 3435 757 3520 ejus
777 3435 936 3499 manibus
955 3437 1071 3519 potuit
1091 3457 1152 3502 ex÷
1238 3504 1240 3508 ,

208 3540 362 3620 torqueri
374 3558 388 3603 t·
422 3538 482 3602 sed
500 3538 615 3601 omnia
636 3534 730 3600 facta
744 3533 923 3599 sufficienti
941 3535 1153 3602 exhibitione

200 3638 406 3715 couventui,
437 3637 651 3718 talliatisque
677 3635 721 3700 ad
750 3654 837 3717 opus
865 3635 957 3717 regis
982 3636 1153 3718 homagiis

202 3738 436 3802 maneriorum
475 3742 677 3812 conventus,
719 3741 790 3798 tam
830 3734 921 3798 insra
956 3735 1075 3800 villam
1114 3735 1151 3802 S.

205 3838 378 3902 Edmundi
398 3856 503 3920 quam
529 3842 641 3912 extra,
665 3853 727 3916 per
752 3853 891 3898 manum
911 3834 937 3900 ,J
940 3833 1085 3900 ohannis
1111 3834 1153 3899 de

205 3937 398 4015 Berewich,
410 3937 503 4018 regis
517 3933 697 4010 attornati,
708 3940 791 3999 sunt
805 3934 984 4017 disposita.
1016 3934 1154 4016 Regina
1166 3949 1307 3999 Theonoen·

205 4037 402 4120 Hispaniae,
427 4036 566 4101 domina
583 4032 736 4108 Pontivi,
763 4041 874 4099 mater
889 4032 1077 4111 Alienorae,
1101 4001 1292 4098 re.m⁰²¹¹⁰¹⁰¹'·

207 4138 296 4219 ginae
319 4135 470 4219 Angliae‚
493 4136 575 4212 vitae
598 4133 783 4199 terminum
804 4133 897 4199 fecit.
950 4132 1031 4197 Rex
1049 4134 1155 4215 igitur
