<?xml version="1.0" encoding="UTF-8"?>
<!DOCTYPE html PUBLIC "-//W3C//DTD XHTML 1.0 Transitional//EN"
    "http://www.w3.org/TR/xhtml1/DTD/xhtml1-transitional.dtd">
<html xmlns="http://www.w3.org/1999/xhtml" xml:lang="en" lang="en">
 <head>
  <title>
</title>
<meta http-equiv="Content-Type" content="text/html;charset=utf-8" />
  <meta name='ocr-system' content='tesseract 3.04.00' />
  <meta name='ocr-capabilities' content='ocr_page ocr_carea ocr_par ocr_line ocrx_word'/>
</head>
<body>
  <div class='ocr_page' id='page_1' title='image "./florentiiwigorn02florgoog_0229.png"; bbox 0 0 2918 4866; ppageno 0'>
   <div class='ocr_carea' id='block_1_1' title="bbox 200 582 332 673">
    <p class='ocr_par' dir='ltr' id='par_1_1' title="bbox 200 582 332 673">
     <span class='ocr_line' id='line_1_1' title="bbox 200 582 303 622; baseline -0.01 0"><span class='ocrx_word' id='word_1_1' title='bbox 200 582 270 622; x_wconf 76' lang='lat' dir='ltr'>Brttle</span> <span class='ocrx_word' id='word_1_2' title='bbox 278 582 303 622; x_wconf 79' lang='lat' dir='ltr'>ol</span> 
     </span>
     <span class='ocr_line' id='line_1_2' title="bbox 200 633 332 673; baseline -0.023 0"><span class='ocrx_word' id='word_1_3' title='bbox 200 633 332 673; x_wconf 80' lang='lat' dir='ltr'>Benevento.</span> 
     </span>
    </p>
   </div>
   <div class='ocr_carea' id='block_1_2' title="bbox 200 1087 329 1239">
    <p class='ocr_par' dir='ltr' id='par_1_2' title="bbox 200 1087 329 1239">
     <span class='ocr_line' id='line_1_3' title="bbox 200 1087 292 1128; baseline 0 -1"><span class='ocrx_word' id='word_1_4' title='bbox 200 1087 292 1128; x_wconf 74' lang='lat' dir='ltr'>Genmri</span> 
     </span>
     <span class='ocr_line' id='line_1_4' title="bbox 200 1136 329 1178; baseline -0.016 0"><span class='ocrx_word' id='word_1_5' title='bbox 200 1137 296 1178; x_wconf 73' lang='lat' dir='ltr'>tnxrtlon</span> <span class='ocrx_word' id='word_1_6' title='bbox 305 1136 329 1176; x_wconf 79' lang='lat' dir='ltr'>oi</span> 
     </span>
     <span class='ocr_line' id='line_1_5' title="bbox 200 1187 324 1239; baseline 0.016 -10"><span class='ocrx_word' id='word_1_7' title='bbox 200 1189 238 1229; x_wconf 77' lang='lat' dir='ltr'>the</span> <span class='ocrx_word' id='word_1_8' title='bbox 246 1187 324 1239; x_wconf 71' lang='lat' dir='ltr'>clem,</span> 
     </span>
    </p>
   </div>
   <div class='ocr_carea' id='block_1_3' title="bbox 361 387 1064 462">
    <p class='ocr_par' dir='ltr' id='par_1_3' title="bbox 361 387 1064 462">
     <span class='ocr_line' id='line_1_6' title="bbox 361 387 1064 462; baseline 0.003 -9"><span class='ocrx_word' id='word_1_9' title='bbox 361 387 427 453; x_wconf 79' lang='grc'>202</span> <span class='ocrx_word' id='word_1_10' title='bbox 608 402 858 451; x_wconf 75' lang='lat' dir='ltr'>courruusrro</span> <span class='ocrx_word' id='word_1_11' title='bbox 881 400 1064 462; x_wconf 69' lang='lat' dir='ltr'>cunorucl,</span> 
     </span>
    </p>
   </div>
   <div class='ocr_carea' id='block_1_4' title="bbox 358 556 1311 2655">
    <p class='ocr_par' dir='ltr' id='par_1_4' title="bbox 361 556 1311 1039">
     <span class='ocr_line' id='line_1_7' title="bbox 414 556 1311 643; baseline -0.001 -20"><span class='ocrx_word' id='word_1_12' title='bbox 414 556 581 639; x_wconf 84' lang='lat' dir='ltr'>Karolus,</span> <span class='ocrx_word' id='word_1_13' title='bbox 594 580 656 625; x_wconf 86' lang='lat' dir='ltr'>rex</span> <span class='ocrx_word' id='word_1_14' title='bbox 680 558 819 637; x_wconf 85' lang='lat' dir='ltr'>Siciliae,</span> <span class='ocrx_word' id='word_1_15' title='bbox 837 567 872 625; x_wconf 90' lang='lat' dir='ltr'>et</span> <span class='ocrx_word' id='word_1_16' title='bbox 892 560 999 625; x_wconf 87' lang='lat' dir='ltr'>frater</span> <span class='ocrx_word' id='word_1_17' title='bbox 1022 559 1114 643; x_wconf 77' lang='lat' dir='ltr'>regis</span> <span class='ocrx_word' id='word_1_18' title='bbox 1136 557 1311 637; x_wconf 64' lang='lat' dir='ltr'>Francia,</span> 
     </span>
     <span class='ocr_line' id='line_1_8' title="bbox 362 660 1310 743; baseline 0.001 -20"><span class='ocrx_word' id='word_1_19' title='bbox 362 661 533 743; x_wconf 81' lang='lat' dir='ltr'>pugnavit</span> <span class='ocrx_word' id='word_1_20' title='bbox 550 667 670 725; x_wconf 90' lang='lat' dir='ltr'>contra</span> <span class='ocrx_word' id='word_1_21' title='bbox 688 660 886 725; x_wconf 87' lang='lat' dir='ltr'>Conradum</span> <span class='ocrx_word' id='word_1_22' title='bbox 911 660 1002 743; x_wconf 84' lang='lat' dir='ltr'>apud</span> <span class='ocrx_word' id='word_1_23' title='bbox 1019 660 1258 726; x_wconf 87' lang='lat' dir='ltr'>Beneventum</span> <span class='ocrx_word' id='word_1_24' title='bbox 1273 660 1310 724; x_wconf 90' lang='lat' dir='ltr'>in</span> 
     </span>
     <span class='ocr_line' id='line_1_9' title="bbox 361 759 1308 844; baseline 0 -18"><span class='ocrx_word' id='word_1_25' title='bbox 361 759 505 844; x_wconf 83' lang='lat' dir='ltr'>Apulia,</span> <span class='ocrx_word' id='word_1_26' title='bbox 532 769 566 826; x_wconf 87' lang='lat' dir='ltr'>et</span> <span class='ocrx_word' id='word_1_27' title='bbox 594 769 800 826; x_wconf 87' lang='lat' dir='ltr'>consecutus</span> <span class='ocrx_word' id='word_1_28' title='bbox 827 770 880 826; x_wconf 87' lang='lat' dir='ltr'>est</span> <span class='ocrx_word' id='word_1_29' title='bbox 904 761 1096 839; x_wconf 88' lang='lat' dir='ltr'>victoriam,</span> <span class='ocrx_word' id='word_1_30' title='bbox 1121 761 1243 841; x_wconf 82' lang='lat' dir='ltr'>vigilia</span> <span class='ocrx_word' id='word_1_31' title='bbox 1271 761 1308 827; x_wconf 90' lang='lat' dir='ltr'>S.</span> 
     </span>
     <span class='ocr_line' id='line_1_10' title="bbox 364 857 1308 951; baseline 0 -25"><span class='ocrx_word' id='word_1_32' title='bbox 364 860 612 928; x_wconf 83' lang='lat' dir='ltr'>Bartholomaei</span> <span class='ocrx_word' id='word_1_33' title='bbox 632 857 695 950; x_wconf 76' lang='lat'>[23</span> <span class='ocrx_word' id='word_1_34' title='bbox 704 857 829 951; x_wconf 81' lang='lat' dir='ltr'>Aug.].</span> <span class='ocrx_word' id='word_1_35' title='bbox 870 861 994 946; x_wconf 92' lang='lat' dir='ltr'>Inquo</span> <span class='ocrx_word' id='word_1_36' title='bbox 1009 861 1308 927; x_wconf 86' lang='lat' dir='ltr'>conflictuhabuit</span> 
     </span>
     <span class='ocr_line' id='line_1_11' title="bbox 365 957 1191 1039; baseline 0.002 -13"><span class='ocrx_word' id='word_1_37' title='bbox 365 960 545 1027; x_wconf 81' lang='lat' dir='ltr'>conradus</span> <span class='ocrx_word' id='word_1_38' title='bbox 561 959 639 1027; x_wconf 72' lang='lat' dir='ltr'>X‘V&#39;l.</span> <span class='ocrx_word' id='word_1_39' title='bbox 654 963 888 1039; x_wconf 83' lang='lat' dir='ltr'>loricatorum,</span> <span class='ocrx_word' id='word_1_40' title='bbox 903 971 939 1028; x_wconf 91' lang='lat' dir='ltr'>et</span> <span class='ocrx_word' id='word_1_41' title='bbox 956 961 1108 1028; x_wconf 86' lang='lat' dir='ltr'>Karolus</span> <span class='ocrx_word' id='word_1_42' title='bbox 1125 957 1191 1028; x_wconf 71' lang='lat' dir='ltr'>VH,</span> 
     </span>
    </p>

    <p class='ocr_par' dir='ltr' id='par_1_5' title="bbox 358 1061 1307 2655">
     <span class='ocr_line' id='line_1_12' title="bbox 415 1061 1307 1145; baseline 0 -17"><span class='ocrx_word' id='word_1_43' title='bbox 415 1063 495 1128; x_wconf 93' lang='lat' dir='ltr'>Hoc</span> <span class='ocrx_word' id='word_1_44' title='bbox 513 1082 604 1127; x_wconf 84' lang='lat' dir='ltr'>anno</span> <span class='ocrx_word' id='word_1_45' title='bbox 626 1064 833 1129; x_wconf 84' lang='lat' dir='ltr'>auctoritate</span> <span class='ocrx_word' id='word_1_46' title='bbox 855 1064 951 1145; x_wconf 80' lang='lat' dir='ltr'>regia</span> <span class='ocrx_word' id='word_1_47' title='bbox 972 1063 1168 1145; x_wconf 81' lang='lat' dir='ltr'>diriguntur</span> <span class='ocrx_word' id='word_1_48' title='bbox 1190 1061 1307 1128; x_wconf 91' lang='lat' dir='ltr'>clerici</span> 
     </span>
     <span class='ocr_line' id='line_1_13' title="bbox 363 1162 1306 1247; baseline -0.001 -20"><span class='ocrx_word' id='word_1_49' title='bbox 363 1182 426 1246; x_wconf 88' lang='lat' dir='ltr'>per</span> <span class='ocrx_word' id='word_1_50' title='bbox 461 1182 579 1228; x_wconf 89' lang='lat' dir='ltr'>omnes</span> <span class='ocrx_word' id='word_1_51' title='bbox 617 1163 837 1247; x_wconf 81' lang='lat' dir='ltr'><strong>episcopatus</strong></span> <span class='ocrx_word' id='word_1_52' title='bbox 863 1162 1003 1246; x_wconf 80' lang='lat' dir='ltr'>Angliae</span> <span class='ocrx_word' id='word_1_53' title='bbox 1034 1164 1079 1229; x_wconf 91' lang='lat' dir='ltr'>ad</span> <span class='ocrx_word' id='word_1_54' title='bbox 1113 1162 1306 1228; x_wconf 82' lang='lat' dir='ltr'>taxandum</span> 
     </span>
     <span class='ocr_line' id='line_1_14' title="bbox 363 1263 1306 1347; baseline 0 -19"><span class='ocrx_word' id='word_1_55' title='bbox 363 1263 478 1328; x_wconf 84' lang='lat' dir='ltr'>omnia</span> <span class='ocrx_word' id='word_1_56' title='bbox 496 1264 586 1329; x_wconf 86' lang='lat' dir='ltr'>bona</span> <span class='ocrx_word' id='word_1_57' title='bbox 602 1263 807 1347; x_wconf 84' lang='lat' dir='ltr'>temporalia</span> <span class='ocrx_word' id='word_1_58' title='bbox 826 1272 861 1329; x_wconf 93' lang='lat' dir='ltr'>et</span> <span class='ocrx_word' id='word_1_59' title='bbox 881 1265 1074 1347; x_wconf 84' lang='lat' dir='ltr'>spiritualia</span> <span class='ocrx_word' id='word_1_60' title='bbox 1093 1265 1200 1330; x_wconf 90' lang='lat' dir='ltr'>totius</span> <span class='ocrx_word' id='word_1_61' title='bbox 1222 1263 1306 1328; x_wconf 84' lang='lat' dir='ltr'>cleri</span> 
     </span>
     <span class='ocr_line' id='line_1_15' title="bbox 362 1363 1305 1448; baseline 0.001 -21"><span class='ocrx_word' id='word_1_62' title='bbox 362 1363 560 1448; x_wconf 85' lang='lat' dir='ltr'>Anglicani,</span> <span class='ocrx_word' id='word_1_63' title='bbox 590 1365 777 1429; x_wconf 88' lang='lat' dir='ltr'>secundum</span> <span class='ocrx_word' id='word_1_64' title='bbox 803 1384 921 1429; x_wconf 91' lang='lat' dir='ltr'>verum</span> <span class='ocrx_word' id='word_1_65' title='bbox 953 1365 1118 1442; x_wconf 85' lang='lat' dir='ltr'>valorem,</span> <span class='ocrx_word' id='word_1_66' title='bbox 1146 1365 1305 1446; x_wconf 83' lang='lat' dir='ltr'>exceptis</span> 
     </span>
     <span class='ocr_line' id='line_1_16' title="bbox 361 1464 1305 1549; baseline 0 -20"><span class='ocrx_word' id='word_1_67' title='bbox 361 1466 461 1530; x_wconf 90' lang='lat' dir='ltr'>bonis</span> <span class='ocrx_word' id='word_1_68' title='bbox 476 1464 752 1549; x_wconf 84' lang='lat' dir='ltr'>Templariorum</span> <span class='ocrx_word' id='word_1_69' title='bbox 774 1472 810 1531; x_wconf 89' lang='lat' dir='ltr'>et</span> <span class='ocrx_word' id='word_1_70' title='bbox 827 1465 1117 1543; x_wconf 75' lang='lat' dir='ltr'>cisterciensium,</span> <span class='ocrx_word' id='word_1_71' title='bbox 1130 1485 1192 1549; x_wconf 86' lang='lat' dir='ltr'>per</span> <span class='ocrx_word' id='word_1_72' title='bbox 1208 1465 1305 1530; x_wconf 84' lang='lat' dir='ltr'>aesti-</span> 
     </span>
     <span class='ocr_line' id='line_1_17' title="bbox 362 1564 1304 1650; baseline 0.002 -21"><span class='ocrx_word' id='word_1_73' title='bbox 362 1568 547 1632; x_wconf 85' lang='lat' dir='ltr'>mationem</span> <span class='ocrx_word' id='word_1_74' title='bbox 569 1567 778 1650; x_wconf 85' lang='lat' dir='ltr'>plebeiorum</span> <span class='ocrx_word' id='word_1_75' title='bbox 802 1566 846 1630; x_wconf 94' lang='lat' dir='ltr'>ad</span> <span class='ocrx_word' id='word_1_76' title='bbox 872 1566 936 1631; x_wconf 91' lang='lat' dir='ltr'>hoc</span> <span class='ocrx_word' id='word_1_77' title='bbox 958 1574 1169 1631; x_wconf 88' lang='lat' dir='ltr'>vocatorum.</span> <span class='ocrx_word' id='word_1_78' title='bbox 1222 1564 1304 1644; x_wconf 86' lang='lat' dir='ltr'>Quo</span> 
     </span>
     <span class='ocr_line' id='line_1_18' title="bbox 360 1665 1303 1751; baseline -0.001 -19"><span class='ocrx_word' id='word_1_79' title='bbox 360 1676 514 1750; x_wconf 87' lang='lat' dir='ltr'>peraeto,</span> <span class='ocrx_word' id='word_1_80' title='bbox 534 1687 653 1732; x_wconf 90' lang='lat' dir='ltr'>omnes</span> <span class='ocrx_word' id='word_1_81' title='bbox 676 1665 840 1750; x_wconf 89' lang='lat' dir='ltr'>episcopi,</span> <span class='ocrx_word' id='word_1_82' title='bbox 862 1667 989 1749; x_wconf 81' lang='lat' dir='ltr'>singuli</span> <span class='ocrx_word' id='word_1_83' title='bbox 1014 1687 1076 1751; x_wconf 91' lang='lat' dir='ltr'>pro</span> <span class='ocrx_word' id='word_1_84' title='bbox 1099 1667 1303 1750; x_wconf 86' lang='lat' dir='ltr'>episcopatu</span> 
     </span>
     <span class='ocr_line' id='line_1_19' title="bbox 361 1767 1303 1851; baseline 0 -19"><span class='ocrx_word' id='word_1_85' title='bbox 361 1788 438 1847; x_wconf 91' lang='lat' dir='ltr'>suo,</span> <span class='ocrx_word' id='word_1_86' title='bbox 461 1789 538 1833; x_wconf 90' lang='lat' dir='ltr'>cum</span> <span class='ocrx_word' id='word_1_87' title='bbox 561 1788 643 1850; x_wconf 80' lang='lat' dir='ltr'>rege</span> <span class='ocrx_word' id='word_1_88' title='bbox 665 1775 941 1851; x_wconf 89' lang='lat' dir='ltr'>composuerunt.</span> <span class='ocrx_word' id='word_1_89' title='bbox 994 1768 1095 1832; x_wconf 89' lang='lat' dir='ltr'>Unde</span> <span class='ocrx_word' id='word_1_90' title='bbox 1117 1767 1303 1850; x_wconf 88' lang='lat' dir='ltr'>episcopus</span> 
     </span>
     <span class='ocr_line' id='line_1_20' title="bbox 364 1869 1300 1953; baseline -0.002 -20"><span class='ocrx_word' id='word_1_91' title='bbox 364 1869 610 1947; x_wconf 89' lang='lat' dir='ltr'>Norwicensis,</span> <span class='ocrx_word' id='word_1_92' title='bbox 626 1888 689 1953; x_wconf 93' lang='lat' dir='ltr'>pro</span> <span class='ocrx_word' id='word_1_93' title='bbox 709 1869 911 1952; x_wconf 84' lang='lat' dir='ltr'>episcopatu</span> <span class='ocrx_word' id='word_1_94' title='bbox 933 1888 996 1932; x_wconf 91' lang='lat' dir='ltr'>suo</span> <span class='ocrx_word' id='word_1_95' title='bbox 1016 1888 1093 1932; x_wconf 92' lang='lat' dir='ltr'>cum</span> <span class='ocrx_word' id='word_1_96' title='bbox 1110 1887 1191 1949; x_wconf 83' lang='lat' dir='ltr'>rege</span> <span class='ocrx_word' id='word_1_97' title='bbox 1206 1887 1300 1933; x_wconf 89' lang='lat' dir='ltr'>com·</span> 
     </span>
     <span class='ocr_line' id='line_1_21' title="bbox 363 1968 1301 2053; baseline -0.004 -17"><span class='ocrx_word' id='word_1_98' title='bbox 363 1991 505 2053; x_wconf 89' lang='lat' dir='ltr'>ponens,</span> <span class='ocrx_word' id='word_1_99' title='bbox 532 1989 594 2053; x_wconf 90' lang='lat' dir='ltr'>pro</span> <span class='ocrx_word' id='word_1_100' title='bbox 618 1969 750 2034; x_wconf 88' lang='lat' dir='ltr'>decima</span> <span class='ocrx_word' id='word_1_101' title='bbox 772 1968 917 2033; x_wconf 85' lang='lat' dir='ltr'>duorum</span> <span class='ocrx_word' id='word_1_102' title='bbox 940 1988 1107 2034; x_wconf 88' lang='lat' dir='ltr'>annornm</span> <span class='ocrx_word' id='word_1_103' title='bbox 1133 1968 1301 2047; x_wconf 88' lang='lat' dir='ltr'>finalium,</span> 
     </span>
     <span class='ocr_line' id='line_1_22' title="bbox 362 2068 1300 2154; baseline -0.001 -20"><span class='ocrx_word' id='word_1_104' title='bbox 362 2071 607 2136; x_wconf 90' lang='lat' dir='ltr'>monasterium</span> <span class='ocrx_word' id='word_1_105' title='bbox 635 2071 740 2134; x_wconf 88' lang='lat' dir='ltr'>etiam</span> <span class='ocrx_word' id='word_1_106' title='bbox 762 2070 855 2133; x_wconf 89' lang='lat' dir='ltr'>beati</span> <span class='ocrx_word' id='word_1_107' title='bbox 880 2069 1041 2154; x_wconf 84' lang='lat' dir='ltr'>martyris</span> <span class='ocrx_word' id='word_1_108' title='bbox 1064 2068 1237 2134; x_wconf 89' lang='lat' dir='ltr'>Edmundi</span> <span class='ocrx_word' id='word_1_109' title='bbox 1263 2069 1300 2133; x_wconf 93' lang='lat' dir='ltr'>in</span> 
     </span>
     <span class='ocr_line' id='line_1_23' title="bbox 360 2169 1300 2254; baseline 0 -20"><span class='ocrx_word' id='word_1_110' title='bbox 360 2172 519 2254; x_wconf 87' lang='lat' dir='ltr'>pactione</span> <span class='ocrx_word' id='word_1_111' title='bbox 533 2188 597 2234; x_wconf 84' lang='lat' dir='ltr'>sua</span> <span class='ocrx_word' id='word_1_112' title='bbox 616 2169 765 2251; x_wconf 86' lang='lat' dir='ltr'>recepit3</span> <span class='ocrx_word' id='word_1_113' title='bbox 789 2170 916 2234; x_wconf 87' lang='lat' dir='ltr'>abbate</span> <span class='ocrx_word' id='word_1_114' title='bbox 939 2178 1055 2235; x_wconf 85' lang='lat' dir='ltr'>tamen</span> <span class='ocrx_word' id='word_1_115' title='bbox 1074 2176 1110 2235; x_wconf 91' lang='lat' dir='ltr'>et</span> <span class='ocrx_word' id='word_1_116' title='bbox 1126 2176 1300 2235; x_wconf 87' lang='lat' dir='ltr'>conventu</span> 
     </span>
     <span class='ocr_line' id='line_1_24' title="bbox 360 2268 1300 2353; baseline 0.002 -19"><span class='ocrx_word' id='word_1_117' title='bbox 360 2290 464 2353; x_wconf 90' lang='lat' dir='ltr'>super</span> <span class='ocrx_word' id='word_1_118' title='bbox 490 2270 554 2333; x_wconf 93' lang='lat' dir='ltr'>hoe</span> <span class='ocrx_word' id='word_1_119' title='bbox 576 2269 672 2351; x_wconf 90' lang='lat' dir='ltr'>prius</span> <span class='ocrx_word' id='word_1_120' title='bbox 696 2268 894 2351; x_wconf 81' lang='lat' dir='ltr'>requisitis3</span> <span class='ocrx_word' id='word_1_121' title='bbox 919 2277 954 2335; x_wconf 90' lang='lat' dir='ltr'>et</span> <span class='ocrx_word' id='word_1_122' title='bbox 980 2270 1060 2335; x_wconf 90' lang='lat' dir='ltr'>licet</span> <span class='ocrx_word' id='word_1_123' title='bbox 1084 2270 1149 2335; x_wconf 90' lang='lat' dir='ltr'>hoc</span> <span class='ocrx_word' id='word_1_124' title='bbox 1177 2275 1300 2348; x_wconf 83' lang='lat' dir='ltr'>contra</span> 
     </span>
     <span class='ocr_line' id='line_1_25' title="bbox 359 2367 1299 2450; baseline 0.003 -17"><span class='ocrx_word' id='word_1_125' title='bbox 359 2371 553 2434; x_wconf 87' lang='lat' dir='ltr'>libertatem</span> <span class='ocrx_word' id='word_1_126' title='bbox 585 2367 668 2433; x_wconf 91' lang='lat' dir='ltr'>dicti</span> <span class='ocrx_word' id='word_1_127' title='bbox 701 2369 901 2433; x_wconf 84' lang='lat' dir='ltr'>monasterii</span> <span class='ocrx_word' id='word_1_128' title='bbox 932 2371 1107 2436; x_wconf 86' lang='lat' dir='ltr'>videretur</span> <span class='ocrx_word' id='word_1_129' title='bbox 1136 2372 1299 2450; x_wconf 84' lang='lat' dir='ltr'>existere,</span> 
     </span>
     <span class='ocr_line' id='line_1_26' title="bbox 358 2469 1300 2556; baseline 0.002 -22"><span class='ocrx_word' id='word_1_130' title='bbox 358 2478 473 2534; x_wconf 88' lang='lat' dir='ltr'>tamen</span> <span class='ocrx_word' id='word_1_131' title='bbox 489 2475 631 2552; x_wconf 90' lang='lat' dir='ltr'>propter</span> <span class='ocrx_word' id='word_1_132' title='bbox 644 2469 843 2534; x_wconf 86' lang='lat' dir='ltr'>dilationem</span> <span class='ocrx_word' id='word_1_133' title='bbox 859 2471 1022 2555; x_wconf 82' lang='lat' dir='ltr'>temporis</span> <span class='ocrx_word' id='word_1_134' title='bbox 1037 2491 1141 2556; x_wconf 93' lang='lat' dir='ltr'>quam</span> <span class='ocrx_word' id='word_1_135' title='bbox 1156 2480 1300 2556; x_wconf 87' lang='lat' dir='ltr'>possent</span> 
     </span>
     <span class='ocr_line' id='line_1_27' title="bbox 358 2568 1298 2655; baseline 0.003 -21"><span class='ocrx_word' id='word_1_136' title='bbox 358 2568 533 2652; x_wconf 88' lang='lat' dir='ltr'>consequi,</span> <span class='ocrx_word' id='word_1_137' title='bbox 558 2576 592 2633; x_wconf 88' lang='lat' dir='ltr'>et</span> <span class='ocrx_word' id='word_1_138' title='bbox 616 2570 719 2633; x_wconf 91' lang='lat' dir='ltr'>etiam</span> <span class='ocrx_word' id='word_1_139' title='bbox 743 2571 825 2653; x_wconf 90' lang='lat' dir='ltr'>quia</span> <span class='ocrx_word' id='word_1_140' title='bbox 850 2571 990 2636; x_wconf 87' lang='lat' dir='ltr'>liberius</span> <span class='ocrx_word' id='word_1_141' title='bbox 1016 2580 1138 2638; x_wconf 90' lang='lat' dir='ltr'>contra</span> <span class='ocrx_word' id='word_1_142' title='bbox 1163 2573 1298 2655; x_wconf 88' lang='lat' dir='ltr'>episco-</span> 
     </span>
    </p>
   </div>
   <div class='ocr_carea' id='block_1_5' title="bbox 244 2671 1299 2755">
    <p class='ocr_par' dir='ltr' id='par_1_6' title="bbox 244 2671 1299 2755">
     <span class='ocr_line' id='line_1_28' title="bbox 244 2671 1299 2755; baseline 0.004 -21"><span class='ocrx_word' id='word_1_143' title='bbox 244 2677 247 2684; x_wconf 88' lang='lat'>&#39;</span> <span class='ocrx_word' id='word_1_144' title='bbox 357 2671 453 2754; x_wconf 86' lang='lat' dir='ltr'>pales</span> <span class='ocrx_word' id='word_1_145' title='bbox 483 2676 664 2733; x_wconf 86' lang='lat' dir='ltr'>exactores</span> <span class='ocrx_word' id='word_1_146' title='bbox 689 2690 793 2752; x_wconf 91' lang='lat' dir='ltr'>quarn</span> <span class='ocrx_word' id='word_1_147' title='bbox 828 2679 951 2736; x_wconf 86' lang='lat' dir='ltr'>contra</span> <span class='ocrx_word' id='word_1_148' title='bbox 981 2673 1117 2755; x_wconf 82' lang='lat' dir='ltr'>regales</span> <span class='ocrx_word' id='word_1_149' title='bbox 1142 2673 1299 2739; x_wconf 84' lang='lat' dir='ltr'>valerent</span> 
     </span>
    </p>
   </div>
   <div class='ocr_carea' id='block_1_6' title="bbox 356 2751 1298 2956">
    <p class='ocr_par' dir='ltr' id='par_1_7' title="bbox 356 2751 1298 2956">
     <span class='ocr_line' id='line_1_29' title="bbox 356 2751 1298 2856; baseline 0.002 -21"><span class='ocrx_word' id='word_1_150' title='bbox 356 2751 533 2846; x_wconf 81' lang='lat' dir='ltr'>cavillare,</span> <span class='ocrx_word' id='word_1_151' title='bbox 559 2770 674 2851; x_wconf 89' lang='lat' dir='ltr'>potius</span> <span class='ocrx_word' id='word_1_152' title='bbox 708 2771 962 2855; x_wconf 86' lang='lat' dir='ltr'>episcopalibus</span> <span class='ocrx_word' id='word_1_153' title='bbox 992 2793 1097 2856; x_wconf 88' lang='lat' dir='ltr'>quam</span> <span class='ocrx_word' id='word_1_154' title='bbox 1121 2773 1298 2854; x_wconf 82' lang='lat' dir='ltr'>regalibus</span> 
     </span>
     <span class='ocr_line' id='line_1_30' title="bbox 356 2869 1298 2956; baseline 0.005 -22"><span class='ocrx_word' id='word_1_155' title='bbox 356 2880 439 2935; x_wconf 89' lang='lat' dir='ltr'>tunc</span> <span class='ocrx_word' id='word_1_156' title='bbox 453 2869 616 2951; x_wconf 87' lang='lat' dir='ltr'>temporis</span> <span class='ocrx_word' id='word_1_157' title='bbox 627 2870 878 2953; x_wconf 82' lang='lat' dir='ltr'>praeelegerunt</span> <span class='ocrx_word' id='word_1_158' title='bbox 890 2874 1106 2956; x_wconf 83' lang='lat' dir='ltr'>respondere.</span> <span class='ocrx_word' id='word_1_159' title='bbox 1159 2874 1205 2938; x_wconf 86' lang='lat' dir='ltr'>Et</span> <span class='ocrx_word' id='word_1_160' title='bbox 1215 2873 1298 2940; x_wconf 83' lang='lat' dir='ltr'>licet</span> 
     </span>
    </p>
   </div>
   <div class='ocr_carea' id='block_1_7' title="bbox 231 2969 1298 3058">
    <p class='ocr_par' dir='ltr' id='par_1_8' title="bbox 231 2969 1298 3058">
     <span class='ocr_line' id='line_1_31' title="bbox 231 2969 1298 3058; baseline 0.007 -27"><span class='ocrx_word' id='word_1_161' title='bbox 231 3027 234 3031; x_wconf 84' lang='lat'>.</span> <span class='ocrx_word' id='word_1_162' title='bbox 356 2991 425 3035; x_wconf 93' lang='lat' dir='ltr'>non</span> <span class='ocrx_word' id='word_1_163' title='bbox 442 2969 508 3034; x_wconf 91' lang='lat' dir='ltr'>nisi</span> <span class='ocrx_word' id='word_1_164' title='bbox 522 2989 583 3050; x_wconf 90' lang='lat' dir='ltr'>per</span> <span class='ocrx_word' id='word_1_165' title='bbox 607 2970 781 3035; x_wconf 90' lang='lat' dir='ltr'>biennium</span> <span class='ocrx_word' id='word_1_166' title='bbox 802 2972 915 3036; x_wconf 89' lang='lat' dir='ltr'>clerus</span> <span class='ocrx_word' id='word_1_167' title='bbox 936 2972 978 3037; x_wconf 90' lang='lat' dir='ltr'>de</span> <span class='ocrx_word' id='word_1_168' title='bbox 1000 2974 1140 3038; x_wconf 90' lang='lat' dir='ltr'>decimis</span> <span class='ocrx_word' id='word_1_169' title='bbox 1156 2993 1298 3058; x_wconf 89' lang='lat' dir='ltr'>respon·</span> 
     </span>
    </p>
   </div>
   <div class='ocr_carea' id='block_1_8' title="bbox 355 3069 1298 3154">
    <p class='ocr_par' dir='ltr' id='par_1_9' title="bbox 355 3069 1298 3154">
     <span class='ocr_line' id='line_1_32' title="bbox 355 3069 1298 3154; baseline 0.005 -19"><span class='ocrx_word' id='word_1_170' title='bbox 355 3073 435 3135; x_wconf 92' lang='lat' dir='ltr'>dere</span> <span class='ocrx_word' id='word_1_171' title='bbox 450 3069 624 3146; x_wconf 87' lang='lat' dir='ltr'>deberent,</span> <span class='ocrx_word' id='word_1_172' title='bbox 643 3071 726 3152; x_wconf 94' lang='lat' dir='ltr'>quia</span> <span class='ocrx_word' id='word_1_173' title='bbox 748 3070 792 3135; x_wconf 87' lang='lat' dir='ltr'>de</span> <span class='ocrx_word' id='word_1_174' title='bbox 812 3072 924 3154; x_wconf 93' lang='lat' dir='ltr'>primo</span> <span class='ocrx_word' id='word_1_175' title='bbox 945 3092 1035 3139; x_wconf 93' lang='lat' dir='ltr'>anno</span> <span class='ocrx_word' id='word_1_176' title='bbox 1057 3074 1298 3140; x_wconf 89' lang='lat' dir='ltr'>decimationis</span> 
     </span>
    </p>
   </div>
   <div class='ocr_carea' id='block_1_9' title="bbox 248 3169 1298 3258">
    <p class='ocr_par' dir='ltr' id='par_1_10' title="bbox 248 3169 1298 3258">
     <span class='ocr_line' id='line_1_33' title="bbox 248 3169 1298 3258; baseline 0.007 -24"><span class='ocrx_word' id='word_1_177' title='bbox 248 3229 251 3234; x_wconf 86' lang='lat'><em>.</em></span> <span class='ocrx_word' id='word_1_178' title='bbox 349 3172 426 3258; x_wconf 90' lang='lat' dir='ltr'>jam</span> <span class='ocrx_word' id='word_1_179' title='bbox 459 3169 711 3248; x_wconf 87' lang='lat' dir='ltr'>satisfecerant,</span> <span class='ocrx_word' id='word_1_180' title='bbox 745 3177 861 3236; x_wconf 87' lang='lat' dir='ltr'>tamen</span> <span class='ocrx_word' id='word_1_181' title='bbox 898 3172 991 3237; x_wconf 91' lang='lat' dir='ltr'>ultro</span> <span class='ocrx_word' id='word_1_182' title='bbox 1026 3194 1065 3239; x_wconf 87' lang='lat' dir='ltr'>se</span> <span class='ocrx_word' id='word_1_183' title='bbox 1096 3174 1298 3241; x_wconf 89' lang='lat' dir='ltr'>obtulerunt</span> 
     </span>
    </p>
   </div>
   <div class='ocr_carea' id='block_1_10' title="bbox 349 3270 1367 4262">
    <p class='ocr_par' dir='ltr' id='par_1_11' title="bbox 349 3270 1367 4262">
     <span class='ocr_line' id='line_1_34' title="bbox 354 3270 1297 3356; baseline 0.004 -19"><span class='ocrx_word' id='word_1_184' title='bbox 354 3273 515 3356; x_wconf 91' lang='lat' dir='ltr'>episcopo</span> <span class='ocrx_word' id='word_1_185' title='bbox 532 3270 681 3334; x_wconf 91' lang='lat' dir='ltr'>decimas</span> <span class='ocrx_word' id='word_1_186' title='bbox 697 3290 779 3336; x_wconf 86' lang='lat' dir='ltr'>suas</span> <span class='ocrx_word' id='word_1_187' title='bbox 795 3292 832 3336; x_wconf 92' lang='lat' dir='ltr'>se</span> <span class='ocrx_word' id='word_1_188' title='bbox 849 3272 990 3337; x_wconf 89' lang='lat' dir='ltr'>daturos</span> <span class='ocrx_word' id='word_1_189' title='bbox 1002 3275 1116 3352; x_wconf 46' lang='lat' dir='ltr'>,etiam</span> <span class='ocrx_word' id='word_1_190' title='bbox 1135 3275 1178 3339; x_wconf 89' lang='lat' dir='ltr'>dc</span> <span class='ocrx_word' id='word_1_191' title='bbox 1194 3275 1297 3342; x_wconf 89' lang='lat' dir='ltr'>tertio</span> 
     </span>
     <span class='ocr_line' id='line_1_35' title="bbox 354 3371 1297 3457; baseline 0.003 -19"><span class='ocrx_word' id='word_1_192' title='bbox 354 3391 444 3438; x_wconf 91' lang='lat' dir='ltr'>anno</span> <span class='ocrx_word' id='word_1_193' title='bbox 460 3377 539 3453; x_wconf 88' lang='lat' dir='ltr'>post</span> <span class='ocrx_word' id='word_1_194' title='bbox 554 3371 726 3434; x_wconf 88' lang='lat' dir='ltr'>biennium</span> <span class='ocrx_word' id='word_1_195' title='bbox 748 3373 844 3453; x_wconf 89' lang='lat' dir='ltr'>prius</span> <span class='ocrx_word' id='word_1_196' title='bbox 864 3392 1084 3454; x_wconf 84' lang='lat' dir='ltr'>concessum3</span> <span class='ocrx_word' id='word_1_197' title='bbox 1106 3375 1170 3440; x_wconf 83' lang='lat' dir='ltr'>teli</span> <span class='ocrx_word' id='word_1_198' title='bbox 1191 3383 1297 3457; x_wconf 89' lang='lat' dir='ltr'>pacto</span> 
     </span>
     <span class='ocr_line' id='line_1_36' title="bbox 353 3471 1296 3557; baseline 0.002 -19"><span class='ocrx_word' id='word_1_199' title='bbox 353 3481 392 3539; x_wconf 89' lang='lat' dir='ltr'>ut</span> <span class='ocrx_word' id='word_1_200' title='bbox 411 3473 447 3536; x_wconf 93' lang='lat' dir='ltr'>in</span> <span class='ocrx_word' id='word_1_201' title='bbox 467 3471 668 3536; x_wconf 88' lang='lat' dir='ltr'>decimando</span> <span class='ocrx_word' id='word_1_202' title='bbox 690 3472 877 3536; x_wconf 90' lang='lat' dir='ltr'>secundum</span> <span class='ocrx_word' id='word_1_203' title='bbox 901 3476 1116 3540; x_wconf 87' lang='lat' dir='ltr'>taxationem</span> <span class='ocrx_word' id='word_1_204' title='bbox 1133 3475 1296 3557; x_wconf 79' lang='lat' dir='ltr'>walteri,</span> 
     </span>
     <span class='ocr_line' id='line_1_37' title="bbox 353 3570 1296 3659; baseline 0.002 -20"><span class='ocrx_word' id='word_1_205' title='bbox 353 3572 525 3659; x_wconf 87' lang='lat' dir='ltr'>quondam</span> <span class='ocrx_word' id='word_1_206' title='bbox 559 3570 794 3635; x_wconf 87' lang='lat' dir='ltr'>Norwicensis</span> <span class='ocrx_word' id='word_1_207' title='bbox 828 3573 992 3657; x_wconf 91' lang='lat' dir='ltr'>episcopi,</span> <span class='ocrx_word' id='word_1_208' title='bbox 1025 3575 1176 3640; x_wconf 89' lang='lat' dir='ltr'>decimas</span> <span class='ocrx_word' id='word_1_209' title='bbox 1212 3595 1296 3642; x_wconf 85' lang='lat' dir='ltr'>suas</span> 
     </span>
     <span class='ocr_line' id='line_1_38' title="bbox 353 3672 1296 3764; baseline 0.005 -27"><span class='ocrx_word' id='word_1_210' title='bbox 353 3680 492 3759; x_wconf 89' lang='lat' dir='ltr'>possent</span> <span class='ocrx_word' id='word_1_211' title='bbox 517 3672 755 3764; x_wconf 85' lang='lat' dir='ltr'>contribuere3</span> <span class='ocrx_word' id='word_1_212' title='bbox 797 3673 889 3756; x_wconf 92' lang='lat' dir='ltr'>quod</span> <span class='ocrx_word' id='word_1_213' title='bbox 915 3682 950 3739; x_wconf 91' lang='lat' dir='ltr'>et</span> <span class='ocrx_word' id='word_1_214' title='bbox 977 3675 1106 3741; x_wconf 90' lang='lat' dir='ltr'>sactum</span> <span class='ocrx_word' id='word_1_215' title='bbox 1132 3685 1195 3743; x_wconf 86' lang='lat' dir='ltr'>est.</span> <span class='ocrx_word' id='word_1_216' title='bbox 1249 3677 1296 3743; x_wconf 87' lang='lat' dir='ltr'>Et</span> 
     </span>
     <span class='ocr_line' id='line_1_39' title="bbox 352 3773 1367 3859; baseline 0.005 -21"><span class='ocrx_word' id='word_1_217' title='bbox 352 3781 491 3859; x_wconf 89' lang='lat' dir='ltr'>propter</span> <span class='ocrx_word' id='word_1_218' title='bbox 523 3773 613 3836; x_wconf 89' lang='lat' dir='ltr'>hanc</span> <span class='ocrx_word' id='word_1_219' title='bbox 649 3791 790 3836; x_wconf 88' lang='lat' dir='ltr'>causam</span> <span class='ocrx_word' id='word_1_220' title='bbox 824 3782 1015 3839; x_wconf 88' lang='lat' dir='ltr'>conventus</span> <span class='ocrx_word' id='word_1_221' title='bbox 1049 3776 1085 3842; x_wconf 88' lang='lat' dir='ltr'>S.</span> <span class='ocrx_word' id='word_1_222' title='bbox 1122 3777 1296 3842; x_wconf 90' lang='lat' dir='ltr'>Edmundi</span> <span class='ocrx_word' id='word_1_223' title='bbox 1364 3836 1367 3842; x_wconf 91' lang='lat'>.</span> 
     </span>
     <span class='ocr_line' id='line_1_40' title="bbox 353 3872 1296 3957; baseline 0.001 -16"><span class='ocrx_word' id='word_1_224' title='bbox 353 3880 442 3942; x_wconf 84' lang='lat' dir='ltr'>bona</span> <span class='ocrx_word' id='word_1_225' title='bbox 450 3893 514 3938; x_wconf 90' lang='lat' dir='ltr'>sua</span> <span class='ocrx_word' id='word_1_226' title='bbox 526 3893 547 3937; x_wconf 88' lang='lat' dir='ltr'>a</span> <span class='ocrx_word' id='word_1_227' title='bbox 559 3872 651 3936; x_wconf 91' lang='lat' dir='ltr'>dicto</span> <span class='ocrx_word' id='word_1_228' title='bbox 662 3873 825 3956; x_wconf 87' lang='lat' dir='ltr'>episcopo</span> <span class='ocrx_word' id='word_1_229' title='bbox 836 3874 931 3957; x_wconf 91' lang='lat' dir='ltr'>prius</span> <span class='ocrx_word' id='word_1_230' title='bbox 942 3883 1067 3941; x_wconf 85' lang='lat' dir='ltr'>taxata</span> <span class='ocrx_word' id='word_1_231' title='bbox 1080 3877 1296 3942; x_wconf 87' lang='lat' dir='ltr'>triennaliter</span> 
     </span>
     <span class='ocr_line' id='line_1_41' title="bbox 351 3974 1293 4058; baseline -0.003 -13"><span class='ocrx_word' id='word_1_232' title='bbox 351 3977 619 4050; x_wconf 85' lang='lat' dir='ltr'>decimaverunt,</span> <span class='ocrx_word' id='word_1_233' title='bbox 644 3981 679 4036; x_wconf 90' lang='lat' dir='ltr'>et</span> <span class='ocrx_word' id='word_1_234' title='bbox 700 3992 759 4037; x_wconf 89' lang='lat' dir='ltr'>eas</span> <span class='ocrx_word' id='word_1_235' title='bbox 781 3974 943 4058; x_wconf 88' lang='lat' dir='ltr'>episcopo</span> <span class='ocrx_word' id='word_1_236' title='bbox 972 3976 1188 4043; x_wconf 87' lang='lat' dir='ltr'>Norwicensi</span> <span class='ocrx_word' id='word_1_237' title='bbox 1210 3997 1293 4042; x_wconf 92' lang='lat' dir='ltr'>con-</span> 
     </span>
     <span class='ocr_line' id='line_1_42' title="bbox 352 4072 1294 4161; baseline -0.003 -15"><span class='ocrx_word' id='word_1_238' title='bbox 352 4078 516 4147; x_wconf 85' lang='lat' dir='ltr'>tulerunt.</span> <span class='ocrx_word' id='word_1_239' title='bbox 563 4072 701 4137; x_wconf 81' lang='lat' dir='ltr'>Coetera</span> <span class='ocrx_word' id='word_1_240' title='bbox 718 4081 834 4138; x_wconf 84' lang='lat' dir='ltr'>autem</span> <span class='ocrx_word' id='word_1_241' title='bbox 856 4076 949 4141; x_wconf 92' lang='lat' dir='ltr'>bona</span> <span class='ocrx_word' id='word_1_242' title='bbox 970 4096 1076 4142; x_wconf 85' lang='lat' dir='ltr'>suaa</span> <span class='ocrx_word' id='word_1_243' title='bbox 1106 4079 1198 4143; x_wconf 90' lang='lat' dir='ltr'>dicto</span> <span class='ocrx_word' id='word_1_244' title='bbox 1220 4078 1294 4161; x_wconf 90' lang='lat' dir='ltr'>cpi-</span> 
     </span>
     <span class='ocr_line' id='line_1_43' title="bbox 349 4175 1294 4262; baseline -0.002 -17"><span class='ocrx_word' id='word_1_245' title='bbox 349 4197 455 4262; x_wconf 90' lang='lat' dir='ltr'>scopo</span> <span class='ocrx_word' id='word_1_246' title='bbox 469 4175 526 4240; x_wconf 90' lang='lat' dir='ltr'>W.</span> <span class='ocrx_word' id='word_1_247' title='bbox 541 4193 716 4257; x_wconf 91' lang='lat' dir='ltr'>nunquam</span> <span class='ocrx_word' id='word_1_248' title='bbox 735 4183 858 4241; x_wconf 77' lang='lat' dir='ltr'>taxata</span> <span class='ocrx_word' id='word_1_249' title='bbox 872 4178 1061 4243; x_wconf 87' lang='lat' dir='ltr'>secundum</span> <span class='ocrx_word' id='word_1_250' title='bbox 1078 4179 1294 4245; x_wconf 87' lang='lat' dir='ltr'>taxationem</span> 
     </span>
    </p>
   </div>
   <div class='ocr_carea' id='block_1_11' title="bbox 0 0 1464 4866">
    <p class='ocr_par' dir='ltr' id='par_1_12' title="bbox 0 0 1464 4866">
     <span class='ocr_line' id='line_1_44' title="bbox 0 0 1464 4866; baseline 0 6"><span class='ocrx_word' id='word_1_251' title='bbox 0 0 1464 4866; x_wconf 95' lang='lat' dir='ltr'> </span> 
     </span>
    </p>
   </div>
  </div>
 </body>
</html>
